%% This BibTeX bibliography file was created using BibDesk.
%% http://bibdesk.sourceforge.net/


%% Created for Hans-Martin von Gaudecker at 2013-12-10 17:32:06 +0100 


%% Saved with string encoding Unicode (UTF-8) 



@book{Arbuckle10,
	Address = {Birmingham, UK},
	Author = {Daniel Arbuckle},
	Date-Added = {2010-04-08 15:45:38 +0200},
	Date-Modified = {2010-04-08 15:48:55 +0200},
	Publisher = {Packt Publishing},
	Title = {Python Testing: Beginner's Guide},
	Year = {2010}}

@article{Baiocchi07,
	Author = {Baiocchi, Giovanni},
	Date-Added = {2009-11-27 17:58:37 +0100},
	Date-Modified = {2009-11-27 17:58:54 +0100},
	Journal = {Computational Economics},
	Month = {August},
	Number = {1},
	Pages = {19-40},
	Title = {Reproducible research in computational economics: guidelines, integrated approaches, and open source software},
	Volume = {30},
	Year = {2007},
	Bdsk-File-1 = {YnBsaXN0MDDUAQIDBAUGJCVYJHZlcnNpb25YJG9iamVjdHNZJGFyY2hpdmVyVCR0b3ASAAGGoKgHCBMUFRYaIVUkbnVsbNMJCgsMDxJXTlMua2V5c1pOUy5vYmplY3RzViRjbGFzc6INDoACgAOiEBGABIAFgAdccmVsYXRpdmVQYXRoWWFsaWFzRGF0YV8QKS4uLy4uLy4uL2htZy1yZWZzL2RhdGFiYXNlL0JhaW9jY2hpMDcucGRm0hcLGBlXTlMuZGF0YU8RAZwAAAAAAZwAAgAADE1hY2ludG9zaCBIRAAAAAAAAAAAAAAAAAAAAMwxLxJIKwAAACaAdQ5CYWlvY2NoaTA3LnBkZgAAAAAAAAAAAAAAAAAAAAAAAAAAAAAAAAAAAAAAAAAAAAAAAAAAAAAAAAAAAAAAAAAAJoCax0GUtQAAAAAAAAAAAAMAAwAACSAAAAAAAAAAAAAAAAAAAAAIZGF0YWJhc2UAEAAIAADMMRLyAAAAEQAIAADHQYalAAAAAQAUACaAdQAmgDMABpCzAAXXJAACDfkAAgBBTWFjaW50b3NoIEhEOlVzZXJzOgBobWc6AGVjb246AGhtZy1yZWZzOgBkYXRhYmFzZToAQmFpb2NjaGkwNy5wZGYAAA4AHgAOAEIAYQBpAG8AYwBjAGgAaQAwADcALgBwAGQAZgAPABoADABNAGEAYwBpAG4AdABvAHMAaAAgAEgARAASAC9Vc2Vycy9obWcvZWNvbi9obWctcmVmcy9kYXRhYmFzZS9CYWlvY2NoaTA3LnBkZgAAEwABLwAAFQACAAr//wAAgAbSGxwdHlokY2xhc3NuYW1lWCRjbGFzc2VzXU5TTXV0YWJsZURhdGGjHR8gVk5TRGF0YVhOU09iamVjdNIbHCIjXE5TRGljdGlvbmFyeaIiIF8QD05TS2V5ZWRBcmNoaXZlctEmJ1Ryb290gAEACAARABoAIwAtADIANwBAAEYATQBVAGAAZwBqAGwAbgBxAHMAdQB3AIQAjgC6AL8AxwJnAmkCbgJ5AoICkAKUApsCpAKpArYCuQLLAs4C0wAAAAAAAAIBAAAAAAAAACgAAAAAAAAAAAAAAAAAAALV}}

@article{Barnes10,
	Author = {Nick Barnes},
	Date-Added = {2010-10-14 10:17:34 +0200},
	Date-Modified = {2010-10-14 10:18:22 +0200},
	Journal = {Nature},
	Month = {October},
	Pages = {753},
	Title = {Publish Your Computer Code: It is Good Enough},
	Volume = {467},
	Year = {2010},
	Bdsk-File-1 = {YnBsaXN0MDDUAQIDBAUGJCVYJHZlcnNpb25YJG9iamVjdHNZJGFyY2hpdmVyVCR0b3ASAAGGoKgHCBMUFRYaIVUkbnVsbNMJCgsMDxJXTlMua2V5c1pOUy5vYmplY3RzViRjbGFzc6INDoACgAOiEBGABIAFgAdccmVsYXRpdmVQYXRoWWFsaWFzRGF0YV8QJy4uLy4uLy4uL2htZy1yZWZzL2RhdGFiYXNlL0Jhcm5lczEwLnBkZtIXCxgZV05TLmRhdGFPEQGUAAAAAAGUAAIAAAxNYWNpbnRvc2ggSEQAAAAAAAAAAAAAAAAAAADMMS8SSCsAAAAmgHUMQmFybmVzMTAucGRmAAAAAAAAAAAAAAAAAAAAAAAAAAAAAAAAAAAAAAAAAAAAAAAAAAAAAAAAAAAAAAAAAAAAACaBssjcihgAAAAAAAAAAAADAAMAAAkgAAAAAAAAAAAAAAAAAAAACGRhdGFiYXNlABAACAAAzDES8gAAABEACAAAyNxt+AAAAAEAFAAmgHUAJoAzAAaQswAF1yQAAg35AAIAP01hY2ludG9zaCBIRDpVc2VyczoAaG1nOgBlY29uOgBobWctcmVmczoAZGF0YWJhc2U6AEJhcm5lczEwLnBkZgAADgAaAAwAQgBhAHIAbgBlAHMAMQAwAC4AcABkAGYADwAaAAwATQBhAGMAaQBuAHQAbwBzAGgAIABIAEQAEgAtVXNlcnMvaG1nL2Vjb24vaG1nLXJlZnMvZGF0YWJhc2UvQmFybmVzMTAucGRmAAATAAEvAAAVAAIACv//AACABtIbHB0eWiRjbGFzc25hbWVYJGNsYXNzZXNdTlNNdXRhYmxlRGF0YaMdHyBWTlNEYXRhWE5TT2JqZWN00hscIiNcTlNEaWN0aW9uYXJ5oiIgXxAPTlNLZXllZEFyY2hpdmVy0SYnVHJvb3SAAQAIABEAGgAjAC0AMgA3AEAARgBNAFUAYABnAGoAbABuAHEAcwB1AHcAhACOALgAvQDFAl0CXwJkAm8CeAKGAooCkQKaAp8CrAKvAsECxALJAAAAAAAAAgEAAAAAAAAAKAAAAAAAAAAAAAAAAAAAAss=}}

@book{Barr04,
	Author = {Adam Barr},
	Date-Added = {2010-09-24 09:17:13 +0200},
	Date-Modified = {2010-09-24 09:17:48 +0200},
	Publisher = {Addison Wesley},
	Title = {Find the Bug. A Book of Incorrect Programs},
	Year = {2004}}

@unpublished{Brandl10,
	Author = {Georg Brandl},
	Date-Added = {2010-07-30 10:35:35 +0200},
	Date-Modified = {2010-07-30 10:35:35 +0200},
	Month = {July},
	Note = {Available at \url{http://sphinx.pocoo.org/}},
	Title = {Sphinx Documentation},
	Year = {2010},
	Bdsk-File-1 = {YnBsaXN0MDDUAQIDBAUGJCVYJHZlcnNpb25YJG9iamVjdHNZJGFyY2hpdmVyVCR0b3ASAAGGoKgHCBMUFRYaIVUkbnVsbNMJCgsMDxJXTlMua2V5c1pOUy5vYmplY3RzViRjbGFzc6INDoACgAOiEBGABIAFgAdccmVsYXRpdmVQYXRoWWFsaWFzRGF0YV8QJy4uLy4uLy4uL2htZy1yZWZzL2RhdGFiYXNlL0JyYW5kbDEwLnBkZtIXCxgZV05TLmRhdGFPEQGUAAAAAAGUAAIAAAxNYWNpbnRvc2ggSEQAAAAAAAAAAAAAAAAAAADMMS8SSCsAAAAmgHUMQnJhbmRsMTAucGRmAAAAAAAAAAAAAAAAAAAAAAAAAAAAAAAAAAAAAAAAAAAAAAAAAAAAAAAAAAAAAAAAAAAAACaBqMh4W8kAAAAAAAAAAAADAAMAAAkgAAAAAAAAAAAAAAAAAAAACGRhdGFiYXNlABAACAAAzDES8gAAABEACAAAyHg/qQAAAAEAFAAmgHUAJoAzAAaQswAF1yQAAg35AAIAP01hY2ludG9zaCBIRDpVc2VyczoAaG1nOgBlY29uOgBobWctcmVmczoAZGF0YWJhc2U6AEJyYW5kbDEwLnBkZgAADgAaAAwAQgByAGEAbgBkAGwAMQAwAC4AcABkAGYADwAaAAwATQBhAGMAaQBuAHQAbwBzAGgAIABIAEQAEgAtVXNlcnMvaG1nL2Vjb24vaG1nLXJlZnMvZGF0YWJhc2UvQnJhbmRsMTAucGRmAAATAAEvAAAVAAIACv//AACABtIbHB0eWiRjbGFzc25hbWVYJGNsYXNzZXNdTlNNdXRhYmxlRGF0YaMdHyBWTlNEYXRhWE5TT2JqZWN00hscIiNcTlNEaWN0aW9uYXJ5oiIgXxAPTlNLZXllZEFyY2hpdmVy0SYnVHJvb3SAAQAIABEAGgAjAC0AMgA3AEAARgBNAFUAYABnAGoAbABuAHEAcwB1AHcAhACOALgAvQDFAl0CXwJkAm8CeAKGAooCkQKaAp8CrAKvAsECxALJAAAAAAAAAgEAAAAAAAAAKAAAAAAAAAAAAAAAAAAAAss=}}

@book{CampbellEtAl09,
	Author = {Jennifer Campbell and Paul Gries and Jason Montojo and Gregory V. Wilson},
	Date-Added = {2010-04-08 15:35:43 +0200},
	Date-Modified = {2010-04-08 15:40:57 +0200},
	Editor = {Daniel H. Steinberg},
	Publisher = {The Pragmatic Programmers},
	Series = {Practical Programming},
	Title = {An Introduction to Computer Science Using {Python}},
	Year = {2009}}

@article{DewaldThursbyAnderson86,
	Author = {William G. Dewald and Jerry G. Thursby and Richard G. Anderson},
	Date-Added = {2010-04-08 13:19:31 +0200},
	Date-Modified = {2010-04-08 13:20:09 +0200},
	Journal = {The American Economic Review},
	Month = sep,
	Number = {4},
	Pages = {587-603},
	Title = {Replication in Empirical Economics: The Journal of Money, Credit and Banking Project},
	Volume = {76},
	Year = {1986},
	Bdsk-File-1 = {YnBsaXN0MDDUAQIDBAUGJCVYJHZlcnNpb25YJG9iamVjdHNZJGFyY2hpdmVyVCR0b3ASAAGGoKgHCBMUFRYaIVUkbnVsbNMJCgsMDxJXTlMua2V5c1pOUy5vYmplY3RzViRjbGFzc6INDoACgAOiEBGABIAFgAdccmVsYXRpdmVQYXRoWWFsaWFzRGF0YV8QNi4uLy4uLy4uL2htZy1yZWZzL2RhdGFiYXNlL0Rld2FsZFRodXJzYnlBbmRlcnNvbjg2LnBkZtIXCxgZV05TLmRhdGFPEQHOAAAAAAHOAAIAAAxNYWNpbnRvc2ggSEQAAAAAAAAAAAAAAAAAAADMMS8SSCsAAAAmgHUbRGV3YWxkVGh1cnNieUFuZGVyc29uODYucGRmAAAAAAAAAAAAAAAAAAAAAAAAAAAAAAAAAAAAAAAAAAAAAAAAACaDScfjw8QAAAAAAAAAAAADAAMAAAkgAAAAAAAAAAAAAAAAAAAACGRhdGFiYXNlABAACAAAzDES8gAAABEACAAAx+OnpAAAAAEAFAAmgHUAJoAzAAaQswAF1yQAAg35AAIATk1hY2ludG9zaCBIRDpVc2VyczoAaG1nOgBlY29uOgBobWctcmVmczoAZGF0YWJhc2U6AERld2FsZFRodXJzYnlBbmRlcnNvbjg2LnBkZgAOADgAGwBEAGUAdwBhAGwAZABUAGgAdQByAHMAYgB5AEEAbgBkAGUAcgBzAG8AbgA4ADYALgBwAGQAZgAPABoADABNAGEAYwBpAG4AdABvAHMAaAAgAEgARAASADxVc2Vycy9obWcvZWNvbi9obWctcmVmcy9kYXRhYmFzZS9EZXdhbGRUaHVyc2J5QW5kZXJzb244Ni5wZGYAEwABLwAAFQACAAr//wAAgAbSGxwdHlokY2xhc3NuYW1lWCRjbGFzc2VzXU5TTXV0YWJsZURhdGGjHR8gVk5TRGF0YVhOU09iamVjdNIbHCIjXE5TRGljdGlvbmFyeaIiIF8QD05TS2V5ZWRBcmNoaXZlctEmJ1Ryb290gAEACAARABoAIwAtADIANwBAAEYATQBVAGAAZwBqAGwAbgBxAHMAdQB3AIQAjgDHAMwA1AKmAqgCrQK4AsECzwLTAtoC4wLoAvUC+AMKAw0DEgAAAAAAAAIBAAAAAAAAACgAAAAAAAAAAAAAAAAAAAMU}}

@book{Doar05,
	Address = {Sebastopol, {CA, USA}},
	Author = {Matthew B. Doar},
	Date-Added = {2010-04-07 11:18:51 +0200},
	Date-Modified = {2010-04-07 11:20:10 +0200},
	Publisher = {O'Reilly Media},
	Title = {Practical Development Environments},
	Year = {2005}}

@article{Dubois05,
	Author = {Paul F. Dubois},
	Date-Added = {2010-11-15 13:40:56 +0100},
	Date-Modified = {2010-11-15 13:41:41 +0100},
	Journal = {Computing in Science \& Engineering},
	Number = {3},
	Pages = {80-85},
	Title = {Maintaining correctness in scientific programs},
	Volume = {7},
	Year = {2005},
	Bdsk-File-1 = {YnBsaXN0MDDUAQIDBAUGJCVYJHZlcnNpb25YJG9iamVjdHNZJGFyY2hpdmVyVCR0b3ASAAGGoKgHCBMUFRYaIVUkbnVsbNMJCgsMDxJXTlMua2V5c1pOUy5vYmplY3RzViRjbGFzc6INDoACgAOiEBGABIAFgAdccmVsYXRpdmVQYXRoWWFsaWFzRGF0YV8QJy4uLy4uLy4uL2htZy1yZWZzL2RhdGFiYXNlL0R1Ym9pczA1LnBkZtIXCxgZV05TLmRhdGFPEQGUAAAAAAGUAAIAAAxNYWNpbnRvc2ggSEQAAAAAAAAAAAAAAAAAAADMMS8SSCsAAAAmgHUMRHVib2lzMDUucGRmAAAAAAAAAAAAAAAAAAAAAAAAAAAAAAAAAAAAAAAAAAAAAAAAAAAAAAAAAAAAAAAAAAAAACaB3ckJta0AAAAAAAAAAAADAAMAAAkgAAAAAAAAAAAAAAAAAAAACGRhdGFiYXNlABAACAAAzDES8gAAABEACAAAyQmnnQAAAAEAFAAmgHUAJoAzAAaQswAF1yQAAg35AAIAP01hY2ludG9zaCBIRDpVc2VyczoAaG1nOgBlY29uOgBobWctcmVmczoAZGF0YWJhc2U6AER1Ym9pczA1LnBkZgAADgAaAAwARAB1AGIAbwBpAHMAMAA1AC4AcABkAGYADwAaAAwATQBhAGMAaQBuAHQAbwBzAGgAIABIAEQAEgAtVXNlcnMvaG1nL2Vjb24vaG1nLXJlZnMvZGF0YWJhc2UvRHVib2lzMDUucGRmAAATAAEvAAAVAAIACv//AACABtIbHB0eWiRjbGFzc25hbWVYJGNsYXNzZXNdTlNNdXRhYmxlRGF0YaMdHyBWTlNEYXRhWE5TT2JqZWN00hscIiNcTlNEaWN0aW9uYXJ5oiIgXxAPTlNLZXllZEFyY2hpdmVy0SYnVHJvb3SAAQAIABEAGgAjAC0AMgA3AEAARgBNAFUAYABnAGoAbABuAHEAcwB1AHcAhACOALgAvQDFAl0CXwJkAm8CeAKGAooCkQKaAp8CrAKvAsECxALJAAAAAAAAAgEAAAAAAAAAKAAAAAAAAAAAAAAAAAAAAss=}}

@article{FomelHennenfent07,
	Author = {Sergey Fomel and Gilles Hennenfent},
	Date-Added = {2010-03-30 08:21:41 +0200},
	Date-Modified = {2010-03-30 08:23:12 +0200},
	Journal = {IEEE International Conference on Acoustics, Speech and Signal Processing, 2007. ICASSP 2007.},
	Pages = {IV1257-IV1260},
	Title = {Reproducible computational experiments using {SCons}},
	Volume = {4},
	Year = {2007},
	Bdsk-File-1 = {YnBsaXN0MDDUAQIDBAUGJCVYJHZlcnNpb25YJG9iamVjdHNZJGFyY2hpdmVyVCR0b3ASAAGGoKgHCBMUFRYaIVUkbnVsbNMJCgsMDxJXTlMua2V5c1pOUy5vYmplY3RzViRjbGFzc6INDoACgAOiEBGABIAFgAdccmVsYXRpdmVQYXRoWWFsaWFzRGF0YV8QMC4uLy4uLy4uL2htZy1yZWZzL2RhdGFiYXNlL0ZvbWVsSGVubmVuZmVudDA3LnBkZtIXCxgZV05TLmRhdGFPEQG2AAAAAAG2AAIAAAxNYWNpbnRvc2ggSEQAAAAAAAAAAAAAAAAAAADMMS8SSCsAAAAmgHUVRm9tZWxIZW5uZW5mZW50MDcucGRmAAAAAAAAAAAAAAAAAAAAAAAAAAAAAAAAAAAAAAAAAAAAAAAAAAAAAAAAACaA6sfXbngAAAAAAAAAAAADAAMAAAkgAAAAAAAAAAAAAAAAAAAACGRhdGFiYXNlABAACAAAzDES8gAAABEACAAAx9dSWAAAAAEAFAAmgHUAJoAzAAaQswAF1yQAAg35AAIASE1hY2ludG9zaCBIRDpVc2VyczoAaG1nOgBlY29uOgBobWctcmVmczoAZGF0YWJhc2U6AEZvbWVsSGVubmVuZmVudDA3LnBkZgAOACwAFQBGAG8AbQBlAGwASABlAG4AbgBlAG4AZgBlAG4AdAAwADcALgBwAGQAZgAPABoADABNAGEAYwBpAG4AdABvAHMAaAAgAEgARAASADZVc2Vycy9obWcvZWNvbi9obWctcmVmcy9kYXRhYmFzZS9Gb21lbEhlbm5lbmZlbnQwNy5wZGYAEwABLwAAFQACAAr//wAAgAbSGxwdHlokY2xhc3NuYW1lWCRjbGFzc2VzXU5TTXV0YWJsZURhdGGjHR8gVk5TRGF0YVhOU09iamVjdNIbHCIjXE5TRGljdGlvbmFyeaIiIF8QD05TS2V5ZWRBcmNoaXZlctEmJ1Ryb290gAEACAARABoAIwAtADIANwBAAEYATQBVAGAAZwBqAGwAbgBxAHMAdQB3AIQAjgDBAMYAzgKIAooCjwKaAqMCsQK1ArwCxQLKAtcC2gLsAu8C9AAAAAAAAAIBAAAAAAAAACgAAAAAAAAAAAAAAAAAAAL2},
	Bdsk-File-2 = {YnBsaXN0MDDUAQIDBAUGJCVYJHZlcnNpb25YJG9iamVjdHNZJGFyY2hpdmVyVCR0b3ASAAGGoKgHCBMUFRYaIVUkbnVsbNMJCgsMDxJXTlMua2V5c1pOUy5vYmplY3RzViRjbGFzc6INDoACgAOiEBGABIAFgAdccmVsYXRpdmVQYXRoWWFsaWFzRGF0YV8QMS4uLy4uLy4uL2htZy1yZWZzL2RhdGFiYXNlL0ZvbWVsSGVubmVuZmVudDA3QS5wZGbSFwsYGVdOUy5kYXRhTxEBvAAAAAABvAACAAAMTWFjaW50b3NoIEhEAAAAAAAAAAAAAAAAAAAAzDEvEkgrAAAAJoB1FkZvbWVsSGVubmVuZmVudDA3QS5wZGYAAAAAAAAAAAAAAAAAAAAAAAAAAAAAAAAAAAAAAAAAAAAAAAAAAAAAAAAmgdPH1254AAAAAAAAAAAAAwADAAAJIAAAAAAAAAAAAAAAAAAAAAhkYXRhYmFzZQAQAAgAAMwxEvIAAAARAAgAAMfXUlgAAAABABQAJoB1ACaAMwAGkLMABdckAAIN+QACAElNYWNpbnRvc2ggSEQ6VXNlcnM6AGhtZzoAZWNvbjoAaG1nLXJlZnM6AGRhdGFiYXNlOgBGb21lbEhlbm5lbmZlbnQwN0EucGRmAAAOAC4AFgBGAG8AbQBlAGwASABlAG4AbgBlAG4AZgBlAG4AdAAwADcAQQAuAHAAZABmAA8AGgAMAE0AYQBjAGkAbgB0AG8AcwBoACAASABEABIAN1VzZXJzL2htZy9lY29uL2htZy1yZWZzL2RhdGFiYXNlL0ZvbWVsSGVubmVuZmVudDA3QS5wZGYAABMAAS8AABUAAgAK//8AAIAG0hscHR5aJGNsYXNzbmFtZVgkY2xhc3Nlc11OU011dGFibGVEYXRhox0fIFZOU0RhdGFYTlNPYmplY3TSGxwiI1xOU0RpY3Rpb25hcnmiIiBfEA9OU0tleWVkQXJjaGl2ZXLRJidUcm9vdIABAAgAEQAaACMALQAyADcAQABGAE0AVQBgAGcAagBsAG4AcQBzAHUAdwCEAI4AwgDHAM8CjwKRApYCoQKqArgCvALDAswC0QLeAuEC8wL2AvsAAAAAAAACAQAAAAAAAAAoAAAAAAAAAAAAAAAAAAAC/Q==}}

@book{FreemanPryce10,
	Address = {Boston, MA, USA},
	Author = {Steve Freeman and Nat Pryce},
	Date-Added = {2010-04-08 15:41:33 +0200},
	Date-Modified = {2010-04-08 15:42:23 +0200},
	Publisher = {Addison Wesley},
	Title = {Growing Object-Oriented Software, Guided by Tests},
	Year = {2010}}

@book{Friedl06,
	Author = {Jeffrey E. F. Friedl},
	Date-Added = {2009-04-20 15:58:42 +0200},
	Date-Modified = {2009-04-20 15:59:33 +0200},
	Edition = {3},
	Publisher = {O'Reilly Media},
	Title = {Mastering Regular Expressions},
	Year = {2006},
	Bdsk-File-1 = {YnBsaXN0MDDUAQIDBAUGJCVYJHZlcnNpb25YJG9iamVjdHNZJGFyY2hpdmVyVCR0b3ASAAGGoKgHCBMUFRYaIVUkbnVsbNMJCgsMDxJXTlMua2V5c1pOUy5vYmplY3RzViRjbGFzc6INDoACgAOiEBGABIAFgAdccmVsYXRpdmVQYXRoWWFsaWFzRGF0YV8QJy4uLy4uLy4uL2htZy1yZWZzL2RhdGFiYXNlL0ZyaWVkbDA2LnBkZtIXCxgZV05TLmRhdGFPEQGUAAAAAAGUAAIAAAxNYWNpbnRvc2ggSEQAAAAAAAAAAAAAAAAAAADMMS8SSCsAAAAmgHUMRnJpZWRsMDYucGRmAAAAAAAAAAAAAAAAAAAAAAAAAAAAAAAAAAAAAAAAAAAAAAAAAAAAAAAAAAAAAAAAAAAAACaBmsYSSvYAAAAAAAAAAAADAAMAAAkgAAAAAAAAAAAAAAAAAAAACGRhdGFiYXNlABAACAAAzDES8gAAABEACAAAxhIu1gAAAAEAFAAmgHUAJoAzAAaQswAF1yQAAg35AAIAP01hY2ludG9zaCBIRDpVc2VyczoAaG1nOgBlY29uOgBobWctcmVmczoAZGF0YWJhc2U6AEZyaWVkbDA2LnBkZgAADgAaAAwARgByAGkAZQBkAGwAMAA2AC4AcABkAGYADwAaAAwATQBhAGMAaQBuAHQAbwBzAGgAIABIAEQAEgAtVXNlcnMvaG1nL2Vjb24vaG1nLXJlZnMvZGF0YWJhc2UvRnJpZWRsMDYucGRmAAATAAEvAAAVAAIACv//AACABtIbHB0eWiRjbGFzc25hbWVYJGNsYXNzZXNdTlNNdXRhYmxlRGF0YaMdHyBWTlNEYXRhWE5TT2JqZWN00hscIiNcTlNEaWN0aW9uYXJ5oiIgXxAPTlNLZXllZEFyY2hpdmVy0SYnVHJvb3SAAQAIABEAGgAjAC0AMgA3AEAARgBNAFUAYABnAGoAbABuAHEAcwB1AHcAhACOALgAvQDFAl0CXwJkAm8CeAKGAooCkQKaAp8CrAKvAsECxALJAAAAAAAAAgEAAAAAAAAAKAAAAAAAAAAAAAAAAAAAAss=}}

@unpublished{Gaudecker13,
	Author = {Hans-Martin von Gaudecker},
	Date-Added = {2013-12-10 16:26:11 +0000},
	Date-Modified = {2013-12-10 16:26:11 +0000},
	Note = {\url{https://github.com/hmgaudecker/econ-project-templates}},
	Title = {Templates for Reproducible Research Projects in Economics},
	Year = {2013}}

@article{Gaudecker14,
	Author = {Hans-Martin von Gaudecker},
	Date-Added = {2010-10-07 21:34:12 +0200},
	Date-Modified = {2013-12-07 18:10:22 +0000},
	Journal = {Journal of Finance},
	Title = {How Does Household Portfolio Diversification Vary with Financial Sophistication and Financial Advice?},
	Year = {forthcoming},
	Bdsk-File-1 = {YnBsaXN0MDDUAQIDBAUGJCVYJHZlcnNpb25YJG9iamVjdHNZJGFyY2hpdmVyVCR0b3ASAAGGoKgHCBMUFRYaIVUkbnVsbNMJCgsMDxJXTlMua2V5c1pOUy5vYmplY3RzViRjbGFzc6INDoACgAOiEBGABIAFgAdccmVsYXRpdmVQYXRoWWFsaWFzRGF0YV8QKy4uLy4uLy4uL2htZy1yZWZzL2RhdGFiYXNlL0dhdWRlY2tlcjE0QS5wZGbSFwsYGVdOUy5kYXRhTxEBpAAAAAABpAACAAAMTWFjaW50b3NoIEhEAAAAAAAAAAAAAAAAAAAAzDEvEkgrAAAAJoB1EEdhdWRlY2tlcjE0QS5wZGYAAAAAAAAAAAAAAAAAAAAAAAAAAAAAAAAAAAAAAAAAAAAAAAAAAAAAAAAAAAAAAADMyq7OySDnAAAAAAAAAAAAAwADAAAJIAAAAAAAAAAAAAAAAAAAAAhkYXRhYmFzZQAQAAgAAMwxEvIAAAARAAgAAM7JEtcAAAABABQAJoB1ACaAMwAGkLMABdckAAIN+QACAENNYWNpbnRvc2ggSEQ6VXNlcnM6AGhtZzoAZWNvbjoAaG1nLXJlZnM6AGRhdGFiYXNlOgBHYXVkZWNrZXIxNEEucGRmAAAOACIAEABHAGEAdQBkAGUAYwBrAGUAcgAxADQAQQAuAHAAZABmAA8AGgAMAE0AYQBjAGkAbgB0AG8AcwBoACAASABEABIAMVVzZXJzL2htZy9lY29uL2htZy1yZWZzL2RhdGFiYXNlL0dhdWRlY2tlcjE0QS5wZGYAABMAAS8AABUAAgAK//8AAIAG0hscHR5aJGNsYXNzbmFtZVgkY2xhc3Nlc11OU011dGFibGVEYXRhox0fIFZOU0RhdGFYTlNPYmplY3TSGxwiI1xOU0RpY3Rpb25hcnmiIiBfEA9OU0tleWVkQXJjaGl2ZXLRJidUcm9vdIABAAgAEQAaACMALQAyADcAQABGAE0AVQBgAGcAagBsAG4AcQBzAHUAdwCEAI4AvADBAMkCcQJzAngCgwKMApoCngKlAq4CswLAAsMC1QLYAt0AAAAAAAACAQAAAAAAAAAoAAAAAAAAAAAAAAAAAAAC3w==},
	Bdsk-File-2 = {YnBsaXN0MDDUAQIDBAUGJCVYJHZlcnNpb25YJG9iamVjdHNZJGFyY2hpdmVyVCR0b3ASAAGGoKgHCBMUFRYaIVUkbnVsbNMJCgsMDxJXTlMua2V5c1pOUy5vYmplY3RzViRjbGFzc6INDoACgAOiEBGABIAFgAdccmVsYXRpdmVQYXRoWWFsaWFzRGF0YV8QKy4uLy4uLy4uL2htZy1yZWZzL2RhdGFiYXNlL0dhdWRlY2tlcjE0Qi5wZGbSFwsYGVdOUy5kYXRhTxEBpAAAAAABpAACAAAMTWFjaW50b3NoIEhEAAAAAAAAAAAAAAAAAAAAzDEvEkgrAAAAJoB1EEdhdWRlY2tlcjE0Qi5wZGYAAAAAAAAAAAAAAAAAAAAAAAAAAAAAAAAAAAAAAAAAAAAAAAAAAAAAAAAAAAAAAADHot3Ou5NHAAAAAAAAAAAAAwADAAAJIAAAAAAAAAAAAAAAAAAAAAhkYXRhYmFzZQAQAAgAAMwxEvIAAAARAAgAAM67hTcAAAABABQAJoB1ACaAMwAGkLMABdckAAIN+QACAENNYWNpbnRvc2ggSEQ6VXNlcnM6AGhtZzoAZWNvbjoAaG1nLXJlZnM6AGRhdGFiYXNlOgBHYXVkZWNrZXIxNEIucGRmAAAOACIAEABHAGEAdQBkAGUAYwBrAGUAcgAxADQAQgAuAHAAZABmAA8AGgAMAE0AYQBjAGkAbgB0AG8AcwBoACAASABEABIAMVVzZXJzL2htZy9lY29uL2htZy1yZWZzL2RhdGFiYXNlL0dhdWRlY2tlcjE0Qi5wZGYAABMAAS8AABUAAgAK//8AAIAG0hscHR5aJGNsYXNzbmFtZVgkY2xhc3Nlc11OU011dGFibGVEYXRhox0fIFZOU0RhdGFYTlNPYmplY3TSGxwiI1xOU0RpY3Rpb25hcnmiIiBfEA9OU0tleWVkQXJjaGl2ZXLRJidUcm9vdIABAAgAEQAaACMALQAyADcAQABGAE0AVQBgAGcAagBsAG4AcQBzAHUAdwCEAI4AvADBAMkCcQJzAngCgwKMApoCngKlAq4CswLAAsMC1QLYAt0AAAAAAAACAQAAAAAAAAAoAAAAAAAAAAAAAAAAAAAC3w==}}

@article{GaudeckerSoestWengstrom11prefhet,
	Author = {Hans-Martin von Gaudecker and Arthur van Soest and Erik Wengström},
	Date-Modified = {2011-04-12 18:28:10 +0200},
	Journal = {American Economic Review},
	Month = {April},
	Number = {2},
	Pages = {664-694},
	Title = {Heterogeneity in Risky Choice Behaviour in a Broad Population},
	Volume = {101},
	Year = {2011},
	Bdsk-File-1 = {YnBsaXN0MDDUAQIDBAUGJCVYJHZlcnNpb25YJG9iamVjdHNZJGFyY2hpdmVyVCR0b3ASAAGGoKgHCBMUFRYaIVUkbnVsbNMJCgsMDxJXTlMua2V5c1pOUy5vYmplY3RzViRjbGFzc6INDoACgAOiEBGABIAFgAdccmVsYXRpdmVQYXRoWWFsaWFzRGF0YV8QPy4uLy4uLy4uL2htZy1yZWZzL2RhdGFiYXNlL0dhdWRlY2tlclNvZXN0V2VuZ3N0cm9tMTFwcmVmaGV0LnBkZtIXCxgZV05TLmRhdGFPEQHuAAAAAAHuAAIAAAxNYWNpbnRvc2ggSEQAAAAAAAAAAAAAAAAAAADMMS8SSCsAAAAmgHUfR2F1ZGVja2VyU29lc3RXZW5nc3QjMjY4NTFCLnBkZgAAAAAAAAAAAAAAAAAAAAAAAAAAAAAAAAAAAAAAAAAAACaFG8nOSmYAAAAAAAAAAAADAAMAAAkgAAAAAAAAAAAAAAAAAAAACGRhdGFiYXNlABAACAAAzDES8gAAABEACAAAyc4uRgAAAAEAFAAmgHUAJoAzAAaQswAF1yQAAg35AAIAUk1hY2ludG9zaCBIRDpVc2VyczoAaG1nOgBlY29uOgBobWctcmVmczoAZGF0YWJhc2U6AEdhdWRlY2tlclNvZXN0V2VuZ3N0IzI2ODUxQi5wZGYADgBKACQARwBhAHUAZABlAGMAawBlAHIAUwBvAGUAcwB0AFcAZQBuAGcAcwB0AHIAbwBtADEAMQBwAHIAZQBmAGgAZQB0AC4AcABkAGYADwAaAAwATQBhAGMAaQBuAHQAbwBzAGgAIABIAEQAEgBFVXNlcnMvaG1nL2Vjb24vaG1nLXJlZnMvZGF0YWJhc2UvR2F1ZGVja2VyU29lc3RXZW5nc3Ryb20xMXByZWZoZXQucGRmAAATAAEvAAAVAAIACv//AACABtIbHB0eWiRjbGFzc25hbWVYJGNsYXNzZXNdTlNNdXRhYmxlRGF0YaMdHyBWTlNEYXRhWE5TT2JqZWN00hscIiNcTlNEaWN0aW9uYXJ5oiIgXxAPTlNLZXllZEFyY2hpdmVy0SYnVHJvb3SAAQAIABEAGgAjAC0AMgA3AEAARgBNAFUAYABnAGoAbABuAHEAcwB1AHcAhACOANAA1QDdAs8C0QLWAuEC6gL4AvwDAwMMAxEDHgMhAzMDNgM7AAAAAAAAAgEAAAAAAAAAKAAAAAAAAAAAAAAAAAAAAz0=},
	Bdsk-File-2 = {YnBsaXN0MDDUAQIDBAUGJCVYJHZlcnNpb25YJG9iamVjdHNZJGFyY2hpdmVyVCR0b3ASAAGGoKgHCBMUFRYaIVUkbnVsbNMJCgsMDxJXTlMua2V5c1pOUy5vYmplY3RzViRjbGFzc6INDoACgAOiEBGABIAFgAdccmVsYXRpdmVQYXRoWWFsaWFzRGF0YV8QQC4uLy4uLy4uL2htZy1yZWZzL2RhdGFiYXNlL0dhdWRlY2tlclNvZXN0V2VuZ3N0cm9tMTFwcmVmaGV0QS5wZGbSFwsYGVdOUy5kYXRhTxEB8AAAAAAB8AACAAAMTWFjaW50b3NoIEhEAAAAAAAAAAAAAAAAAAAAzDEvEkgrAAAAJoB1H0dhdWRlY2tlclNvZXN0V2VuZ3N0IzI2ODdGRi5wZGYAAAAAAAAAAAAAAAAAAAAAAAAAAAAAAAAAAAAAAAAAAAAmh//KslnJAAAAAAAAAAAAAwADAAAJIAAAAAAAAAAAAAAAAAAAAAhkYXRhYmFzZQAQAAgAAMwxEvIAAAARAAgAAMqyPakAAAABABQAJoB1ACaAMwAGkLMABdckAAIN+QACAFJNYWNpbnRvc2ggSEQ6VXNlcnM6AGhtZzoAZWNvbjoAaG1nLXJlZnM6AGRhdGFiYXNlOgBHYXVkZWNrZXJTb2VzdFdlbmdzdCMyNjg3RkYucGRmAA4ATAAlAEcAYQB1AGQAZQBjAGsAZQByAFMAbwBlAHMAdABXAGUAbgBnAHMAdAByAG8AbQAxADEAcAByAGUAZgBoAGUAdABBAC4AcABkAGYADwAaAAwATQBhAGMAaQBuAHQAbwBzAGgAIABIAEQAEgBGVXNlcnMvaG1nL2Vjb24vaG1nLXJlZnMvZGF0YWJhc2UvR2F1ZGVja2VyU29lc3RXZW5nc3Ryb20xMXByZWZoZXRBLnBkZgATAAEvAAAVAAIACv//AACABtIbHB0eWiRjbGFzc25hbWVYJGNsYXNzZXNdTlNNdXRhYmxlRGF0YaMdHyBWTlNEYXRhWE5TT2JqZWN00hscIiNcTlNEaWN0aW9uYXJ5oiIgXxAPTlNLZXllZEFyY2hpdmVy0SYnVHJvb3SAAQAIABEAGgAjAC0AMgA3AEAARgBNAFUAYABnAGoAbABuAHEAcwB1AHcAhACOANEA1gDeAtIC1ALZAuQC7QL7Av8DBgMPAxQDIQMkAzYDOQM+AAAAAAAAAgEAAAAAAAAAKAAAAAAAAAAAAAAAAAAAA0A=},
	Bdsk-File-3 = {YnBsaXN0MDDUAQIDBAUGJCVYJHZlcnNpb25YJG9iamVjdHNZJGFyY2hpdmVyVCR0b3ASAAGGoKgHCBMUFRYaIVUkbnVsbNMJCgsMDxJXTlMua2V5c1pOUy5vYmplY3RzViRjbGFzc6INDoACgAOiEBGABIAFgAdccmVsYXRpdmVQYXRoWWFsaWFzRGF0YV8QPy4uLy4uLy4uL2htZy1yZWZzL2RhdGFiYXNlL0dhdWRlY2tlclNvZXN0V2VuZ3N0cm9tMTFwcmVmaGV0LnppcNIXCxgZV05TLmRhdGFPEQHuAAAAAAHuAAIAAAxNYWNpbnRvc2ggSEQAAAAAAAAAAAAAAAAAAADMMS8SSCsAAAAmgHUfR2F1ZGVja2VyU29lc3RXZW5nc3QjMjY4MEVGLnppcAAAAAAAAAAAAAAAAAAAAAAAAAAAAAAAAAAAAAAAAAAAACaA78qyWckAAAAAAAAAAAADAAMAAAkgAAAAAAAAAAAAAAAAAAAACGRhdGFiYXNlABAACAAAzDES8gAAABEACAAAyrI9qQAAAAEAFAAmgHUAJoAzAAaQswAF1yQAAg35AAIAUk1hY2ludG9zaCBIRDpVc2VyczoAaG1nOgBlY29uOgBobWctcmVmczoAZGF0YWJhc2U6AEdhdWRlY2tlclNvZXN0V2VuZ3N0IzI2ODBFRi56aXAADgBKACQARwBhAHUAZABlAGMAawBlAHIAUwBvAGUAcwB0AFcAZQBuAGcAcwB0AHIAbwBtADEAMQBwAHIAZQBmAGgAZQB0AC4AegBpAHAADwAaAAwATQBhAGMAaQBuAHQAbwBzAGgAIABIAEQAEgBFVXNlcnMvaG1nL2Vjb24vaG1nLXJlZnMvZGF0YWJhc2UvR2F1ZGVja2VyU29lc3RXZW5nc3Ryb20xMXByZWZoZXQuemlwAAATAAEvAAAVAAIACv//AACABtIbHB0eWiRjbGFzc25hbWVYJGNsYXNzZXNdTlNNdXRhYmxlRGF0YaMdHyBWTlNEYXRhWE5TT2JqZWN00hscIiNcTlNEaWN0aW9uYXJ5oiIgXxAPTlNLZXllZEFyY2hpdmVy0SYnVHJvb3SAAQAIABEAGgAjAC0AMgA3AEAARgBNAFUAYABnAGoAbABuAHEAcwB1AHcAhACOANAA1QDdAs8C0QLWAuEC6gL4AvwDAwMMAxEDHgMhAzMDNgM7AAAAAAAAAgEAAAAAAAAAKAAAAAAAAAAAAAAAAAAAAz0=}}

@article{Hoxby00,
	Author = {Caroline M. Hoxby},
	Date-Added = {2009-11-10 16:56:39 +0100},
	Date-Modified = {2009-11-10 16:56:52 +0100},
	Journal = {The American Economic Review},
	Month = dec,
	Number = {5},
	Pages = {1209-1238},
	Title = {Does Competition among Public Schools Benefit Students and Taxpayers?},
	Volume = {90},
	Year = {2000},
	Bdsk-File-1 = {YnBsaXN0MDDUAQIDBAUGJCVYJHZlcnNpb25YJG9iamVjdHNZJGFyY2hpdmVyVCR0b3ASAAGGoKgHCBMUFRYaIVUkbnVsbNMJCgsMDxJXTlMua2V5c1pOUy5vYmplY3RzViRjbGFzc6INDoACgAOiEBGABIAFgAdccmVsYXRpdmVQYXRoWWFsaWFzRGF0YV8QJi4uLy4uLy4uL2htZy1yZWZzL2RhdGFiYXNlL0hveGJ5MDAucGRm0hcLGBlXTlMuZGF0YU8RAY4AAAAAAY4AAgAADE1hY2ludG9zaCBIRAAAAAAAAAAAAAAAAAAAAMwxLxJIKwAAACaAdQtIb3hieTAwLnBkZgAAAAAAAAAAAAAAAAAAAAAAAAAAAAAAAAAAAAAAAAAAAAAAAAAAAAAAAAAAAAAAAAAAAAAAJocrxx9ZRQAAAAAAAAAAAAMAAwAACSAAAAAAAAAAAAAAAAAAAAAIZGF0YWJhc2UAEAAIAADMMRLyAAAAEQAIAADHH0s1AAAAAQAUACaAdQAmgDMABpCzAAXXJAACDfkAAgA+TWFjaW50b3NoIEhEOlVzZXJzOgBobWc6AGVjb246AGhtZy1yZWZzOgBkYXRhYmFzZToASG94YnkwMC5wZGYADgAYAAsASABvAHgAYgB5ADAAMAAuAHAAZABmAA8AGgAMAE0AYQBjAGkAbgB0AG8AcwBoACAASABEABIALFVzZXJzL2htZy9lY29uL2htZy1yZWZzL2RhdGFiYXNlL0hveGJ5MDAucGRmABMAAS8AABUAAgAK//8AAIAG0hscHR5aJGNsYXNzbmFtZVgkY2xhc3Nlc11OU011dGFibGVEYXRhox0fIFZOU0RhdGFYTlNPYmplY3TSGxwiI1xOU0RpY3Rpb25hcnmiIiBfEA9OU0tleWVkQXJjaGl2ZXLRJidUcm9vdIABAAgAEQAaACMALQAyADcAQABGAE0AVQBgAGcAagBsAG4AcQBzAHUAdwCEAI4AtwC8AMQCVgJYAl0CaAJxAn8CgwKKApMCmAKlAqgCugK9AsIAAAAAAAACAQAAAAAAAAAoAAAAAAAAAAAAAAAAAAACxA==}}

@article{Hoxby07,
	Author = {Caroline M. Hoxby},
	Date-Added = {2009-11-10 16:56:39 +0100},
	Date-Modified = {2009-11-10 16:57:56 +0100},
	Journal = {The American Economic Review},
	Month = dec,
	Number = {5},
	Pages = {2038-2055},
	Title = {Does Competition Among Public Schools Benefit Students and Taxpayers? {Reply}},
	Volume = {97},
	Year = {2007},
	Bdsk-File-1 = {YnBsaXN0MDDUAQIDBAUGJCVYJHZlcnNpb25YJG9iamVjdHNZJGFyY2hpdmVyVCR0b3ASAAGGoKgHCBMUFRYaIVUkbnVsbNMJCgsMDxJXTlMua2V5c1pOUy5vYmplY3RzViRjbGFzc6INDoACgAOiEBGABIAFgAdccmVsYXRpdmVQYXRoWWFsaWFzRGF0YV8QJi4uLy4uLy4uL2htZy1yZWZzL2RhdGFiYXNlL0hveGJ5MDcucGRm0hcLGBlXTlMuZGF0YU8RAY4AAAAAAY4AAgAADE1hY2ludG9zaCBIRAAAAAAAAAAAAAAAAAAAAMwxLxJIKwAAACaAdQtIb3hieTA3LnBkZgAAAAAAAAAAAAAAAAAAAAAAAAAAAAAAAAAAAAAAAAAAAAAAAAAAAAAAAAAAAAAAAAAAAAAAJoKlxx9ZRQAAAAAAAAAAAAMAAwAACSAAAAAAAAAAAAAAAAAAAAAIZGF0YWJhc2UAEAAIAADMMRLyAAAAEQAIAADHH0s1AAAAAQAUACaAdQAmgDMABpCzAAXXJAACDfkAAgA+TWFjaW50b3NoIEhEOlVzZXJzOgBobWc6AGVjb246AGhtZy1yZWZzOgBkYXRhYmFzZToASG94YnkwNy5wZGYADgAYAAsASABvAHgAYgB5ADAANwAuAHAAZABmAA8AGgAMAE0AYQBjAGkAbgB0AG8AcwBoACAASABEABIALFVzZXJzL2htZy9lY29uL2htZy1yZWZzL2RhdGFiYXNlL0hveGJ5MDcucGRmABMAAS8AABUAAgAK//8AAIAG0hscHR5aJGNsYXNzbmFtZVgkY2xhc3Nlc11OU011dGFibGVEYXRhox0fIFZOU0RhdGFYTlNPYmplY3TSGxwiI1xOU0RpY3Rpb25hcnmiIiBfEA9OU0tleWVkQXJjaGl2ZXLRJidUcm9vdIABAAgAEQAaACMALQAyADcAQABGAE0AVQBgAGcAagBsAG4AcQBzAHUAdwCEAI4AtwC8AMQCVgJYAl0CaAJxAn8CgwKKApMCmAKlAqgCugK9AsIAAAAAAAACAQAAAAAAAAAoAAAAAAAAAAAAAAAAAAACxA==}}

@article{InceHattonGraham12,
	Annote = {10.1038/nature10836},
	Author = {Darrel C. Ince and Leslie Hatton and John Graham-Cumming},
	Date-Added = {2013-10-13 16:53:06 +0000},
	Date-Modified = {2013-10-13 16:54:05 +0000},
	Journal = {Nature},
	Month = {Februar},
	Number = {7386},
	Pages = {485-488},
	Title = {The Case for Open Computer Programs},
	Volume = {482},
	Year = {2012},
	Bdsk-File-1 = {YnBsaXN0MDDUAQIDBAUGJCVYJHZlcnNpb25YJG9iamVjdHNZJGFyY2hpdmVyVCR0b3ASAAGGoKgHCBMUFRYaIVUkbnVsbNMJCgsMDxJXTlMua2V5c1pOUy5vYmplY3RzViRjbGFzc6INDoACgAOiEBGABIAFgAdccmVsYXRpdmVQYXRoWWFsaWFzRGF0YV8QMi4uLy4uLy4uL2htZy1yZWZzL2RhdGFiYXNlL0luY2VIYXR0b25HcmFoYW0xMkEucGRm0hcLGBlXTlMuZGF0YU8RAb4AAAAAAb4AAgAADE1hY2ludG9zaCBIRAAAAAAAAAAAAAAAAAAAAMwxLxJIKwAAACaAdRdJbmNlSGF0dG9uR3JhaGFtMTJBLnBkZgAAAAAAAAAAAAAAAAAAAAAAAAAAAAAAAAAAAAAAAAAAAAAAAAAAAAAApYJbzoCcdAAAAAAAAAAAAAMAAwAACSAAAAAAAAAAAAAAAAAAAAAIZGF0YWJhc2UAEAAIAADMMRLyAAAAEQAIAADOgIBUAAAAAQAUACaAdQAmgDMABpCzAAXXJAACDfkAAgBKTWFjaW50b3NoIEhEOlVzZXJzOgBobWc6AGVjb246AGhtZy1yZWZzOgBkYXRhYmFzZToASW5jZUhhdHRvbkdyYWhhbTEyQS5wZGYADgAwABcASQBuAGMAZQBIAGEAdAB0AG8AbgBHAHIAYQBoAGEAbQAxADIAQQAuAHAAZABmAA8AGgAMAE0AYQBjAGkAbgB0AG8AcwBoACAASABEABIAOFVzZXJzL2htZy9lY29uL2htZy1yZWZzL2RhdGFiYXNlL0luY2VIYXR0b25HcmFoYW0xMkEucGRmABMAAS8AABUAAgAK//8AAIAG0hscHR5aJGNsYXNzbmFtZVgkY2xhc3Nlc11OU011dGFibGVEYXRhox0fIFZOU0RhdGFYTlNPYmplY3TSGxwiI1xOU0RpY3Rpb25hcnmiIiBfEA9OU0tleWVkQXJjaGl2ZXLRJidUcm9vdIABAAgAEQAaACMALQAyADcAQABGAE0AVQBgAGcAagBsAG4AcQBzAHUAdwCEAI4AwwDIANACkgKUApkCpAKtArsCvwLGAs8C1ALhAuQC9gL5Av4AAAAAAAACAQAAAAAAAAAoAAAAAAAAAAAAAAAAAAADAA==}}

@article{KellyHookSanders09,
	Author = {Diane Kelly and D. Hook and Rebecca Sanders},
	Date-Added = {2010-04-07 11:26:28 +0200},
	Date-Modified = {2010-04-07 11:32:36 +0200},
	Journal = {Computing in Science \& Engineering},
	Number = {5},
	Pages = {48-53},
	Title = {Five Recommended Practices for Computational Scientists Who Write Software},
	Volume = {11},
	Year = {2009},
	Bdsk-File-1 = {YnBsaXN0MDDUAQIDBAUGJCVYJHZlcnNpb25YJG9iamVjdHNZJGFyY2hpdmVyVCR0b3ASAAGGoKgHCBMUFRYaIVUkbnVsbNMJCgsMDxJXTlMua2V5c1pOUy5vYmplY3RzViRjbGFzc6INDoACgAOiEBGABIAFgAdccmVsYXRpdmVQYXRoWWFsaWFzRGF0YV8QMS4uLy4uLy4uL2htZy1yZWZzL2RhdGFiYXNlL0tlbGx5SG9va1NhbmRlcnMwOS5wZGbSFwsYGVdOUy5kYXRhTxEBvAAAAAABvAACAAAMTWFjaW50b3NoIEhEAAAAAAAAAAAAAAAAAAAAzDEvEkgrAAAAJoB1FktlbGx5SG9va1NhbmRlcnMwOS5wZGYAAAAAAAAAAAAAAAAAAAAAAAAAAAAAAAAAAAAAAAAAAAAAAAAAAAAAAAAmhX7H4ijnAAAAAAAAAAAAAwADAAAJIAAAAAAAAAAAAAAAAAAAAAhkYXRhYmFzZQAQAAgAAMwxEvIAAAARAAgAAMfiDMcAAAABABQAJoB1ACaAMwAGkLMABdckAAIN+QACAElNYWNpbnRvc2ggSEQ6VXNlcnM6AGhtZzoAZWNvbjoAaG1nLXJlZnM6AGRhdGFiYXNlOgBLZWxseUhvb2tTYW5kZXJzMDkucGRmAAAOAC4AFgBLAGUAbABsAHkASABvAG8AawBTAGEAbgBkAGUAcgBzADAAOQAuAHAAZABmAA8AGgAMAE0AYQBjAGkAbgB0AG8AcwBoACAASABEABIAN1VzZXJzL2htZy9lY29uL2htZy1yZWZzL2RhdGFiYXNlL0tlbGx5SG9va1NhbmRlcnMwOS5wZGYAABMAAS8AABUAAgAK//8AAIAG0hscHR5aJGNsYXNzbmFtZVgkY2xhc3Nlc11OU011dGFibGVEYXRhox0fIFZOU0RhdGFYTlNPYmplY3TSGxwiI1xOU0RpY3Rpb25hcnmiIiBfEA9OU0tleWVkQXJjaGl2ZXLRJidUcm9vdIABAAgAEQAaACMALQAyADcAQABGAE0AVQBgAGcAagBsAG4AcQBzAHUAdwCEAI4AwgDHAM8CjwKRApYCoQKqArgCvALDAswC0QLeAuEC8wL2AvsAAAAAAAACAQAAAAAAAAAoAAAAAAAAAAAAAAAAAAAC/Q==}}

@unpublished{KellySanders08,
	Author = {Diane Kelly and Rebecca Sanders},
	Date-Added = {2010-04-07 11:31:42 +0200},
	Date-Modified = {2010-04-07 11:33:54 +0200},
	Month = {May},
	Note = {Paper presented at the First International Workshop on Software Engineering for Computational Science and Engineering, {Leipzig, Germany}},
	Title = {Assessing the Quality of Scientific Software},
	Year = {2008},
	Bdsk-File-1 = {YnBsaXN0MDDUAQIDBAUGJCVYJHZlcnNpb25YJG9iamVjdHNZJGFyY2hpdmVyVCR0b3ASAAGGoKgHCBMUFRYaIVUkbnVsbNMJCgsMDxJXTlMua2V5c1pOUy5vYmplY3RzViRjbGFzc6INDoACgAOiEBGABIAFgAdccmVsYXRpdmVQYXRoWWFsaWFzRGF0YV8QLS4uLy4uLy4uL2htZy1yZWZzL2RhdGFiYXNlL0tlbGx5U2FuZGVyczA4LnBkZtIXCxgZV05TLmRhdGFPEQGsAAAAAAGsAAIAAAxNYWNpbnRvc2ggSEQAAAAAAAAAAAAAAAAAAADMMS8SSCsAAAAmgHUSS2VsbHlTYW5kZXJzMDgucGRmAAAAAAAAAAAAAAAAAAAAAAAAAAAAAAAAAAAAAAAAAAAAAAAAAAAAAAAAAAAAACaC4MfiKOcAAAAAAAAAAAADAAMAAAkgAAAAAAAAAAAAAAAAAAAACGRhdGFiYXNlABAACAAAzDES8gAAABEACAAAx+IMxwAAAAEAFAAmgHUAJoAzAAaQswAF1yQAAg35AAIARU1hY2ludG9zaCBIRDpVc2VyczoAaG1nOgBlY29uOgBobWctcmVmczoAZGF0YWJhc2U6AEtlbGx5U2FuZGVyczA4LnBkZgAADgAmABIASwBlAGwAbAB5AFMAYQBuAGQAZQByAHMAMAA4AC4AcABkAGYADwAaAAwATQBhAGMAaQBuAHQAbwBzAGgAIABIAEQAEgAzVXNlcnMvaG1nL2Vjb24vaG1nLXJlZnMvZGF0YWJhc2UvS2VsbHlTYW5kZXJzMDgucGRmAAATAAEvAAAVAAIACv//AACABtIbHB0eWiRjbGFzc25hbWVYJGNsYXNzZXNdTlNNdXRhYmxlRGF0YaMdHyBWTlNEYXRhWE5TT2JqZWN00hscIiNcTlNEaWN0aW9uYXJ5oiIgXxAPTlNLZXllZEFyY2hpdmVy0SYnVHJvb3SAAQAIABEAGgAjAC0AMgA3AEAARgBNAFUAYABnAGoAbABuAHEAcwB1AHcAhACOAL4AwwDLAnsCfQKCAo0ClgKkAqgCrwK4Ar0CygLNAt8C4gLnAAAAAAAAAgEAAAAAAAAAKAAAAAAAAAAAAAAAAAAAAuk=}}

@article{King95,
	Author = {Gary King},
	Date-Added = {2010-04-07 10:33:56 +0200},
	Date-Modified = {2010-04-07 10:34:24 +0200},
	Journal = {{PS:} Political Science and Politics},
	Month = sep,
	Number = {3},
	Pages = {444-452},
	Title = {Replication, Replication},
	Volume = {28},
	Year = {1995},
	Bdsk-File-1 = {YnBsaXN0MDDUAQIDBAUGJCVYJHZlcnNpb25YJG9iamVjdHNZJGFyY2hpdmVyVCR0b3ASAAGGoKgHCBMUFRYaIVUkbnVsbNMJCgsMDxJXTlMua2V5c1pOUy5vYmplY3RzViRjbGFzc6INDoACgAOiEBGABIAFgAdccmVsYXRpdmVQYXRoWWFsaWFzRGF0YV8QJS4uLy4uLy4uL2htZy1yZWZzL2RhdGFiYXNlL0tpbmc5NS5wZGbSFwsYGVdOUy5kYXRhTxEBjAAAAAABjAACAAAMTWFjaW50b3NoIEhEAAAAAAAAAAAAAAAAAAAAzDEvEkgrAAAAJoB1Cktpbmc5NS5wZGYAAAAAAAAAAAAAAAAAAAAAAAAAAAAAAAAAAAAAAAAAAAAAAAAAAAAAAAAAAAAAAAAAAAAAAAAmglfH4ijnAAAAAAAAAAAAAwADAAAJIAAAAAAAAAAAAAAAAAAAAAhkYXRhYmFzZQAQAAgAAMwxEvIAAAARAAgAAMfiDMcAAAABABQAJoB1ACaAMwAGkLMABdckAAIN+QACAD1NYWNpbnRvc2ggSEQ6VXNlcnM6AGhtZzoAZWNvbjoAaG1nLXJlZnM6AGRhdGFiYXNlOgBLaW5nOTUucGRmAAAOABYACgBLAGkAbgBnADkANQAuAHAAZABmAA8AGgAMAE0AYQBjAGkAbgB0AG8AcwBoACAASABEABIAK1VzZXJzL2htZy9lY29uL2htZy1yZWZzL2RhdGFiYXNlL0tpbmc5NS5wZGYAABMAAS8AABUAAgAK//8AAIAG0hscHR5aJGNsYXNzbmFtZVgkY2xhc3Nlc11OU011dGFibGVEYXRhox0fIFZOU0RhdGFYTlNPYmplY3TSGxwiI1xOU0RpY3Rpb25hcnmiIiBfEA9OU0tleWVkQXJjaGl2ZXLRJidUcm9vdIABAAgAEQAaACMALQAyADcAQABGAE0AVQBgAGcAagBsAG4AcQBzAHUAdwCEAI4AtgC7AMMCUwJVAloCZQJuAnwCgAKHApAClQKiAqUCtwK6Ar8AAAAAAAACAQAAAAAAAAAoAAAAAAAAAAAAAAAAAAACwQ==}}

@article{KleiberZeileis10,
	Author = {Christian Kleiber and Achim Zeileis},
	Date-Added = {2010-08-02 12:13:40 +0200},
	Date-Modified = {2010-10-07 16:34:28 +0200},
	Journal = {German Economic Review},
	Number = {4},
	Pages = {404-417},
	Title = {The Grunfeld Data at 50},
	Volume = {11},
	Year = {2010},
	Bdsk-File-1 = {YnBsaXN0MDDUAQIDBAUGJCVYJHZlcnNpb25YJG9iamVjdHNZJGFyY2hpdmVyVCR0b3ASAAGGoKgHCBMUFRYaIVUkbnVsbNMJCgsMDxJXTlMua2V5c1pOUy5vYmplY3RzViRjbGFzc6INDoACgAOiEBGABIAFgAdccmVsYXRpdmVQYXRoWWFsaWFzRGF0YV8QLy4uLy4uLy4uL2htZy1yZWZzL2RhdGFiYXNlL0tsZWliZXJaZWlsZWlzMTAucGRm0hcLGBlXTlMuZGF0YU8RAbQAAAAAAbQAAgAADE1hY2ludG9zaCBIRAAAAAAAAAAAAAAAAAAAAMwxLxJIKwAAACaAdRRLbGVpYmVyWmVpbGVpczEwLnBkZgAAAAAAAAAAAAAAAAAAAAAAAAAAAAAAAAAAAAAAAAAAAAAAAAAAAAAAAAAAJoTfyHxpuQAAAAAAAAAAAAMAAwAACSAAAAAAAAAAAAAAAAAAAAAIZGF0YWJhc2UAEAAIAADMMRLyAAAAEQAIAADIfE2ZAAAAAQAUACaAdQAmgDMABpCzAAXXJAACDfkAAgBHTWFjaW50b3NoIEhEOlVzZXJzOgBobWc6AGVjb246AGhtZy1yZWZzOgBkYXRhYmFzZToAS2xlaWJlclplaWxlaXMxMC5wZGYAAA4AKgAUAEsAbABlAGkAYgBlAHIAWgBlAGkAbABlAGkAcwAxADAALgBwAGQAZgAPABoADABNAGEAYwBpAG4AdABvAHMAaAAgAEgARAASADVVc2Vycy9obWcvZWNvbi9obWctcmVmcy9kYXRhYmFzZS9LbGVpYmVyWmVpbGVpczEwLnBkZgAAEwABLwAAFQACAAr//wAAgAbSGxwdHlokY2xhc3NuYW1lWCRjbGFzc2VzXU5TTXV0YWJsZURhdGGjHR8gVk5TRGF0YVhOU09iamVjdNIbHCIjXE5TRGljdGlvbmFyeaIiIF8QD05TS2V5ZWRBcmNoaXZlctEmJ1Ryb290gAEACAARABoAIwAtADIANwBAAEYATQBVAGAAZwBqAGwAbgBxAHMAdQB3AIQAjgDAAMUAzQKFAocCjAKXAqACrgKyArkCwgLHAtQC1wLpAuwC8QAAAAAAAAIBAAAAAAAAACgAAAAAAAAAAAAAAAAAAALz}}

@article{KoenkerZeileis09,
	Author = {Roger Koenker and Achim Zeileis},
	Date-Added = {2009-07-08 13:07:08 +0200},
	Date-Modified = {2009-07-08 13:07:43 +0200},
	Journal = {Journal of Applied Econometrics},
	Number = {5},
	Pages = {833-847},
	Title = {On Reproducible Econometric Research},
	Volume = {24},
	Year = {2009},
	Bdsk-File-1 = {YnBsaXN0MDDUAQIDBAUGJCVYJHZlcnNpb25YJG9iamVjdHNZJGFyY2hpdmVyVCR0b3ASAAGGoKgHCBMUFRYaIVUkbnVsbNMJCgsMDxJXTlMua2V5c1pOUy5vYmplY3RzViRjbGFzc6INDoACgAOiEBGABIAFgAdccmVsYXRpdmVQYXRoWWFsaWFzRGF0YV8QLy4uLy4uLy4uL2htZy1yZWZzL2RhdGFiYXNlL0tvZW5rZXJaZWlsZWlzMDkucGRm0hcLGBlXTlMuZGF0YU8RAbQAAAAAAbQAAgAADE1hY2ludG9zaCBIRAAAAAAAAAAAAAAAAAAAAMwxLxJIKwAAACaAdRRLb2Vua2VyWmVpbGVpczA5LnBkZgAAAAAAAAAAAAAAAAAAAAAAAAAAAAAAAAAAAAAAAAAAAAAAAAAAAAAAAAAAJoK5xnu5OwAAAAAAAAAAAAMAAwAACSAAAAAAAAAAAAAAAAAAAAAIZGF0YWJhc2UAEAAIAADMMRLyAAAAEQAIAADGe50bAAAAAQAUACaAdQAmgDMABpCzAAXXJAACDfkAAgBHTWFjaW50b3NoIEhEOlVzZXJzOgBobWc6AGVjb246AGhtZy1yZWZzOgBkYXRhYmFzZToAS29lbmtlclplaWxlaXMwOS5wZGYAAA4AKgAUAEsAbwBlAG4AawBlAHIAWgBlAGkAbABlAGkAcwAwADkALgBwAGQAZgAPABoADABNAGEAYwBpAG4AdABvAHMAaAAgAEgARAASADVVc2Vycy9obWcvZWNvbi9obWctcmVmcy9kYXRhYmFzZS9Lb2Vua2VyWmVpbGVpczA5LnBkZgAAEwABLwAAFQACAAr//wAAgAbSGxwdHlokY2xhc3NuYW1lWCRjbGFzc2VzXU5TTXV0YWJsZURhdGGjHR8gVk5TRGF0YVhOU09iamVjdNIbHCIjXE5TRGljdGlvbmFyeaIiIF8QD05TS2V5ZWRBcmNoaXZlctEmJ1Ryb290gAEACAARABoAIwAtADIANwBAAEYATQBVAGAAZwBqAGwAbgBxAHMAdQB3AIQAjgDAAMUAzQKFAocCjAKXAqACrgKyArkCwgLHAtQC1wLpAuwC8QAAAAAAAAIBAAAAAAAAACgAAAAAAAAAAAAAAAAAAALz}}

@article{Koepke11,
	Author = {Hoyt Koepke},
	Date-Added = {2011-06-18 08:26:40 -0500},
	Date-Modified = {2011-06-18 08:29:38 -0500},
	Journal = {Hacker Monthly},
	Note = {Updated online version avaiable at \url{http://www.stat.washington.edu/~hoytak/blog/whypython.html}},
	Title = {Why Python Rocks for Research},
	Volume = {8},
	Year = {2011},
	Bdsk-File-1 = {YnBsaXN0MDDUAQIDBAUGJCVYJHZlcnNpb25YJG9iamVjdHNZJGFyY2hpdmVyVCR0b3ASAAGGoKgHCBMUFRYaIVUkbnVsbNMJCgsMDxJXTlMua2V5c1pOUy5vYmplY3RzViRjbGFzc6INDoACgAOiEBGABIAFgAdccmVsYXRpdmVQYXRoWWFsaWFzRGF0YV8QJy4uLy4uLy4uL2htZy1yZWZzL2RhdGFiYXNlL0tvZXBrZTExLnBkZtIXCxgZV05TLmRhdGFPEQGUAAAAAAGUAAIAAAxNYWNpbnRvc2ggSEQAAAAAAAAAAAAAAAAAAADMMS8SSCsAAAAmgHUMS29lcGtlMTEucGRmAAAAAAAAAAAAAAAAAAAAAAAAAAAAAAAAAAAAAAAAAAAAAAAAAAAAAAAAAAAAAAAAAAAAACaCIcouoFMAAAAAAAAAAAADAAMAAAkgAAAAAAAAAAAAAAAAAAAACGRhdGFiYXNlABAACAAAzDES8gAAABEACAAAyi6EMwAAAAEAFAAmgHUAJoAzAAaQswAF1yQAAg35AAIAP01hY2ludG9zaCBIRDpVc2VyczoAaG1nOgBlY29uOgBobWctcmVmczoAZGF0YWJhc2U6AEtvZXBrZTExLnBkZgAADgAaAAwASwBvAGUAcABrAGUAMQAxAC4AcABkAGYADwAaAAwATQBhAGMAaQBuAHQAbwBzAGgAIABIAEQAEgAtVXNlcnMvaG1nL2Vjb24vaG1nLXJlZnMvZGF0YWJhc2UvS29lcGtlMTEucGRmAAATAAEvAAAVAAIACv//AACABtIbHB0eWiRjbGFzc25hbWVYJGNsYXNzZXNdTlNNdXRhYmxlRGF0YaMdHyBWTlNEYXRhWE5TT2JqZWN00hscIiNcTlNEaWN0aW9uYXJ5oiIgXxAPTlNLZXllZEFyY2hpdmVy0SYnVHJvb3SAAQAIABEAGgAjAC0AMgA3AEAARgBNAFUAYABnAGoAbABuAHEAcwB1AHcAhACOALgAvQDFAl0CXwJkAm8CeAKGAooCkQKaAp8CrAKvAsECxALJAAAAAAAAAgEAAAAAAAAAKAAAAAAAAAAAAAAAAAAAAss=}}

@book{KopkaDaly04,
	Author = {Helmut Kopka and Patrick W. Daly},
	Date-Added = {2010-06-09 10:24:16 +0200},
	Date-Modified = {2010-06-09 10:27:19 +0200},
	Edition = {4},
	Publisher = {Addison Wesley / Pearson Education},
	Title = {Guide to \LaTeX},
	Year = {2004}}

@book{Langtangen08,
	Address = {Berlin and Heidelberg, Germany},
	Author = {Hans Petter Langtangen},
	Date-Added = {2009-04-20 16:06:18 +0200},
	Date-Modified = {2010-08-03 10:20:56 +0200},
	Edition = {3},
	Publisher = {Springer},
	Title = {Python Scripting for Computational Science},
	Year = {2008},
	Bdsk-File-1 = {YnBsaXN0MDDUAQIDBAUGJCVYJHZlcnNpb25YJG9iamVjdHNZJGFyY2hpdmVyVCR0b3ASAAGGoKgHCBMUFRYaIVUkbnVsbNMJCgsMDxJXTlMua2V5c1pOUy5vYmplY3RzViRjbGFzc6INDoACgAOiEBGABIAFgAdccmVsYXRpdmVQYXRoWWFsaWFzRGF0YV8QKy4uLy4uLy4uL2htZy1yZWZzL2RhdGFiYXNlL0xhbmd0YW5nZW4wOC5wZGbSFwsYGVdOUy5kYXRhTxEBpAAAAAABpAACAAAMTWFjaW50b3NoIEhEAAAAAAAAAAAAAAAAAAAAzDEvEkgrAAAAJoB1EExhbmd0YW5nZW4wOC5wZGYAAAAAAAAAAAAAAAAAAAAAAAAAAAAAAAAAAAAAAAAAAAAAAAAAAAAAAAAAAAAAAAAmgb3GEkr2AAAAAAAAAAAAAwADAAAJIAAAAAAAAAAAAAAAAAAAAAhkYXRhYmFzZQAQAAgAAMwxEvIAAAARAAgAAMYSLtYAAAABABQAJoB1ACaAMwAGkLMABdckAAIN+QACAENNYWNpbnRvc2ggSEQ6VXNlcnM6AGhtZzoAZWNvbjoAaG1nLXJlZnM6AGRhdGFiYXNlOgBMYW5ndGFuZ2VuMDgucGRmAAAOACIAEABMAGEAbgBnAHQAYQBuAGcAZQBuADAAOAAuAHAAZABmAA8AGgAMAE0AYQBjAGkAbgB0AG8AcwBoACAASABEABIAMVVzZXJzL2htZy9lY29uL2htZy1yZWZzL2RhdGFiYXNlL0xhbmd0YW5nZW4wOC5wZGYAABMAAS8AABUAAgAK//8AAIAG0hscHR5aJGNsYXNzbmFtZVgkY2xhc3Nlc11OU011dGFibGVEYXRhox0fIFZOU0RhdGFYTlNPYmplY3TSGxwiI1xOU0RpY3Rpb25hcnmiIiBfEA9OU0tleWVkQXJjaGl2ZXLRJidUcm9vdIABAAgAEQAaACMALQAyADcAQABGAE0AVQBgAGcAagBsAG4AcQBzAHUAdwCEAI4AvADBAMkCcQJzAngCgwKMApoCngKlAq4CswLAAsMC1QLYAt0AAAAAAAACAQAAAAAAAAAoAAAAAAAAAAAAAAAAAAAC3w==},
	Bdsk-File-2 = {YnBsaXN0MDDUAQIDBAUGJCVYJHZlcnNpb25YJG9iamVjdHNZJGFyY2hpdmVyVCR0b3ASAAGGoKgHCBMUFRYaIVUkbnVsbNMJCgsMDxJXTlMua2V5c1pOUy5vYmplY3RzViRjbGFzc6INDoACgAOiEBGABIAFgAdccmVsYXRpdmVQYXRoWWFsaWFzRGF0YV8QKy4uLy4uLy4uL2htZy1yZWZzL2RhdGFiYXNlL0xhbmd0YW5nZW4wOC50eHTSFwsYGVdOUy5kYXRhTxEBpAAAAAABpAACAAAMTWFjaW50b3NoIEhEAAAAAAAAAAAAAAAAAAAAzDEvEkgrAAAAJoB1EExhbmd0YW5nZW4wOC50eHQAAAAAAAAAAAAAAAAAAAAAAAAAAAAAAAAAAAAAAAAAAAAAAAAAAAAAAAAAAAAAAAAmhPnIf3giAAAAAAAAAAAAAwADAAAJIAAAAAAAAAAAAAAAAAAAAAhkYXRhYmFzZQAQAAgAAMwxEvIAAAARAAgAAMh/XAIAAAABABQAJoB1ACaAMwAGkLMABdckAAIN+QACAENNYWNpbnRvc2ggSEQ6VXNlcnM6AGhtZzoAZWNvbjoAaG1nLXJlZnM6AGRhdGFiYXNlOgBMYW5ndGFuZ2VuMDgudHh0AAAOACIAEABMAGEAbgBnAHQAYQBuAGcAZQBuADAAOAAuAHQAeAB0AA8AGgAMAE0AYQBjAGkAbgB0AG8AcwBoACAASABEABIAMVVzZXJzL2htZy9lY29uL2htZy1yZWZzL2RhdGFiYXNlL0xhbmd0YW5nZW4wOC50eHQAABMAAS8AABUAAgAK//8AAIAG0hscHR5aJGNsYXNzbmFtZVgkY2xhc3Nlc11OU011dGFibGVEYXRhox0fIFZOU0RhdGFYTlNPYmplY3TSGxwiI1xOU0RpY3Rpb25hcnmiIiBfEA9OU0tleWVkQXJjaGl2ZXLRJidUcm9vdIABAAgAEQAaACMALQAyADcAQABGAE0AVQBgAGcAagBsAG4AcQBzAHUAdwCEAI4AvADBAMkCcQJzAngCgwKMApoCngKlAq4CswLAAsMC1QLYAt0AAAAAAAACAQAAAAAAAAAoAAAAAAAAAAAAAAAAAAAC3w==}}

@book{Langtangen09,
	Address = {Berlin and Heidelberg, {Germany}},
	Author = {Hans Petter Langtangen},
	Date-Added = {2010-04-08 15:29:15 +0200},
	Date-Modified = {2010-04-08 15:43:22 +0200},
	Publisher = {Springer},
	Title = {A Primer on Scientific Programming with Python},
	Year = {2009}}

@article{LeClere10,
	Author = {Felicia {LeClere}},
	Date-Added = {2010-10-14 10:26:54 +0200},
	Date-Modified = {2010-10-14 10:28:14 +0200},
	Journal = {The Chronicle of Higher Education},
	Month = {3 August},
	Title = {Too Many Researchers Are Reluctant to Share Their Data},
	Year = {2010},
	Bdsk-File-1 = {YnBsaXN0MDDUAQIDBAUGJCVYJHZlcnNpb25YJG9iamVjdHNZJGFyY2hpdmVyVCR0b3ASAAGGoKgHCBMUFRYaIVUkbnVsbNMJCgsMDxJXTlMua2V5c1pOUy5vYmplY3RzViRjbGFzc6INDoACgAOiEBGABIAFgAdccmVsYXRpdmVQYXRoWWFsaWFzRGF0YV8QKC4uLy4uLy4uL2htZy1yZWZzL2RhdGFiYXNlL0xlQ2xlcmUxMC5wZGbSFwsYGVdOUy5kYXRhTxEBlgAAAAABlgACAAAMTWFjaW50b3NoIEhEAAAAAAAAAAAAAAAAAAAAzDEvEkgrAAAAJoB1DUxlQ2xlcmUxMC5wZGYAAAAAAAAAAAAAAAAAAAAAAAAAAAAAAAAAAAAAAAAAAAAAAAAAAAAAAAAAAAAAAAAAAAAmh6HI3IwBAAAAAAAAAAAAAwADAAAJIAAAAAAAAAAAAAAAAAAAAAhkYXRhYmFzZQAQAAgAAMwxEvIAAAARAAgAAMjcb+EAAAABABQAJoB1ACaAMwAGkLMABdckAAIN+QACAEBNYWNpbnRvc2ggSEQ6VXNlcnM6AGhtZzoAZWNvbjoAaG1nLXJlZnM6AGRhdGFiYXNlOgBMZUNsZXJlMTAucGRmAA4AHAANAEwAZQBDAGwAZQByAGUAMQAwAC4AcABkAGYADwAaAAwATQBhAGMAaQBuAHQAbwBzAGgAIABIAEQAEgAuVXNlcnMvaG1nL2Vjb24vaG1nLXJlZnMvZGF0YWJhc2UvTGVDbGVyZTEwLnBkZgATAAEvAAAVAAIACv//AACABtIbHB0eWiRjbGFzc25hbWVYJGNsYXNzZXNdTlNNdXRhYmxlRGF0YaMdHyBWTlNEYXRhWE5TT2JqZWN00hscIiNcTlNEaWN0aW9uYXJ5oiIgXxAPTlNLZXllZEFyY2hpdmVy0SYnVHJvb3SAAQAIABEAGgAjAC0AMgA3AEAARgBNAFUAYABnAGoAbABuAHEAcwB1AHcAhACOALkAvgDGAmACYgJnAnICewKJAo0ClAKdAqICrwKyAsQCxwLMAAAAAAAAAgEAAAAAAAAAKAAAAAAAAAAAAAAAAAAAAs4=}}

@article{Levitt02,
	Author = {Steven D. Levitt},
	Date-Added = {2009-11-27 19:03:31 +0100},
	Date-Modified = {2009-11-27 19:13:07 +0100},
	Journal = {The American Economic Review},
	Month = sep,
	Number = {4},
	Pages = {1244-1250},
	Title = {Using Electoral Cycles in Police Hiring to Estimate the Effects of Police on Crime: Reply},
	Volume = {92},
	Year = {2002},
	Bdsk-File-1 = {YnBsaXN0MDDUAQIDBAUGJCVYJHZlcnNpb25YJG9iamVjdHNZJGFyY2hpdmVyVCR0b3ASAAGGoKgHCBMUFRYaIVUkbnVsbNMJCgsMDxJXTlMua2V5c1pOUy5vYmplY3RzViRjbGFzc6INDoACgAOiEBGABIAFgAdccmVsYXRpdmVQYXRoWWFsaWFzRGF0YV8QJy4uLy4uLy4uL2htZy1yZWZzL2RhdGFiYXNlL0xldml0dDAyLnBkZtIXCxgZV05TLmRhdGFPEQGUAAAAAAGUAAIAAAxNYWNpbnRvc2ggSEQAAAAAAAAAAAAAAAAAAADMMS8SSCsAAAAmgHUMTGV2aXR0MDIucGRmAAAAAAAAAAAAAAAAAAAAAAAAAAAAAAAAAAAAAAAAAAAAAAAAAAAAAAAAAAAAAAAAAAAAACaCO8dBlLUAAAAAAAAAAAADAAMAAAkgAAAAAAAAAAAAAAAAAAAACGRhdGFiYXNlABAACAAAzDES8gAAABEACAAAx0GGpQAAAAEAFAAmgHUAJoAzAAaQswAF1yQAAg35AAIAP01hY2ludG9zaCBIRDpVc2VyczoAaG1nOgBlY29uOgBobWctcmVmczoAZGF0YWJhc2U6AExldml0dDAyLnBkZgAADgAaAAwATABlAHYAaQB0AHQAMAAyAC4AcABkAGYADwAaAAwATQBhAGMAaQBuAHQAbwBzAGgAIABIAEQAEgAtVXNlcnMvaG1nL2Vjb24vaG1nLXJlZnMvZGF0YWJhc2UvTGV2aXR0MDIucGRmAAATAAEvAAAVAAIACv//AACABtIbHB0eWiRjbGFzc25hbWVYJGNsYXNzZXNdTlNNdXRhYmxlRGF0YaMdHyBWTlNEYXRhWE5TT2JqZWN00hscIiNcTlNEaWN0aW9uYXJ5oiIgXxAPTlNLZXllZEFyY2hpdmVy0SYnVHJvb3SAAQAIABEAGgAjAC0AMgA3AEAARgBNAFUAYABnAGoAbABuAHEAcwB1AHcAhACOALgAvQDFAl0CXwJkAm8CeAKGAooCkQKaAp8CrAKvAsECxALJAAAAAAAAAgEAAAAAAAAAKAAAAAAAAAAAAAAAAAAAAss=}}

@article{Levitt97,
	Author = {Steven D. Levitt},
	Date-Added = {2009-11-27 19:03:31 +0100},
	Date-Modified = {2009-11-27 19:12:39 +0100},
	Journal = {The American Economic Review},
	Month = jun,
	Number = {3},
	Pages = {270-290},
	Title = {Using Electoral Cycles in Police Hiring to Estimate the Effect of Police on Crime},
	Volume = {87},
	Year = {1997},
	Bdsk-File-1 = {YnBsaXN0MDDUAQIDBAUGJCVYJHZlcnNpb25YJG9iamVjdHNZJGFyY2hpdmVyVCR0b3ASAAGGoKgHCBMUFRYaIVUkbnVsbNMJCgsMDxJXTlMua2V5c1pOUy5vYmplY3RzViRjbGFzc6INDoACgAOiEBGABIAFgAdccmVsYXRpdmVQYXRoWWFsaWFzRGF0YV8QJy4uLy4uLy4uL2htZy1yZWZzL2RhdGFiYXNlL0xldml0dDk3LnBkZtIXCxgZV05TLmRhdGFPEQGUAAAAAAGUAAIAAAxNYWNpbnRvc2ggSEQAAAAAAAAAAAAAAAAAAADMMS8SSCsAAAAmgHUMTGV2aXR0OTcucGRmAAAAAAAAAAAAAAAAAAAAAAAAAAAAAAAAAAAAAAAAAAAAAAAAAAAAAAAAAAAAAAAAAAAAACaCaMdBlLUAAAAAAAAAAAADAAMAAAkgAAAAAAAAAAAAAAAAAAAACGRhdGFiYXNlABAACAAAzDES8gAAABEACAAAx0GGpQAAAAEAFAAmgHUAJoAzAAaQswAF1yQAAg35AAIAP01hY2ludG9zaCBIRDpVc2VyczoAaG1nOgBlY29uOgBobWctcmVmczoAZGF0YWJhc2U6AExldml0dDk3LnBkZgAADgAaAAwATABlAHYAaQB0AHQAOQA3AC4AcABkAGYADwAaAAwATQBhAGMAaQBuAHQAbwBzAGgAIABIAEQAEgAtVXNlcnMvaG1nL2Vjb24vaG1nLXJlZnMvZGF0YWJhc2UvTGV2aXR0OTcucGRmAAATAAEvAAAVAAIACv//AACABtIbHB0eWiRjbGFzc25hbWVYJGNsYXNzZXNdTlNNdXRhYmxlRGF0YaMdHyBWTlNEYXRhWE5TT2JqZWN00hscIiNcTlNEaWN0aW9uYXJ5oiIgXxAPTlNLZXllZEFyY2hpdmVy0SYnVHJvb3SAAQAIABEAGgAjAC0AMgA3AEAARgBNAFUAYABnAGoAbABuAHEAcwB1AHcAhACOALgAvQDFAl0CXwJkAm8CeAKGAooCkQKaAp8CrAKvAsECxALJAAAAAAAAAgEAAAAAAAAAKAAAAAAAAAAAAAAAAAAAAss=}}

@article{Loong07,
	Author = {Theresa Song Loong},
	Date-Added = {2010-04-07 12:07:16 +0200},
	Date-Modified = {2010-04-07 12:08:25 +0200},
	Journal = {The {Prac\TeX} Journal},
	Number = {3},
	Title = {The Beginner's Forest of {\LaTeX}},
	Year = {2007},
	Bdsk-File-1 = {YnBsaXN0MDDUAQIDBAUGJCVYJHZlcnNpb25YJG9iamVjdHNZJGFyY2hpdmVyVCR0b3ASAAGGoKgHCBMUFRYaIVUkbnVsbNMJCgsMDxJXTlMua2V5c1pOUy5vYmplY3RzViRjbGFzc6INDoACgAOiEBGABIAFgAdccmVsYXRpdmVQYXRoWWFsaWFzRGF0YV8QJi4uLy4uLy4uL2htZy1yZWZzL2RhdGFiYXNlL0xvb25nMDcucGRm0hcLGBlXTlMuZGF0YU8RAY4AAAAAAY4AAgAADE1hY2ludG9zaCBIRAAAAAAAAAAAAAAAAAAAAMwxLxJIKwAAACaAdQtMb29uZzA3LnBkZgAAAAAAAAAAAAAAAAAAAAAAAAAAAAAAAAAAAAAAAAAAAAAAAAAAAAAAAAAAAAAAAAAAAAAAJoNix+Io5wAAAAAAAAAAAAMAAwAACSAAAAAAAAAAAAAAAAAAAAAIZGF0YWJhc2UAEAAIAADMMRLyAAAAEQAIAADH4gzHAAAAAQAUACaAdQAmgDMABpCzAAXXJAACDfkAAgA+TWFjaW50b3NoIEhEOlVzZXJzOgBobWc6AGVjb246AGhtZy1yZWZzOgBkYXRhYmFzZToATG9vbmcwNy5wZGYADgAYAAsATABvAG8AbgBnADAANwAuAHAAZABmAA8AGgAMAE0AYQBjAGkAbgB0AG8AcwBoACAASABEABIALFVzZXJzL2htZy9lY29uL2htZy1yZWZzL2RhdGFiYXNlL0xvb25nMDcucGRmABMAAS8AABUAAgAK//8AAIAG0hscHR5aJGNsYXNzbmFtZVgkY2xhc3Nlc11OU011dGFibGVEYXRhox0fIFZOU0RhdGFYTlNPYmplY3TSGxwiI1xOU0RpY3Rpb25hcnmiIiBfEA9OU0tleWVkQXJjaGl2ZXLRJidUcm9vdIABAAgAEQAaACMALQAyADcAQABGAE0AVQBgAGcAagBsAG4AcQBzAHUAdwCEAI4AtwC8AMQCVgJYAl0CaAJxAn8CgwKKApMCmAKlAqgCugK9AsIAAAAAAAACAQAAAAAAAAAoAAAAAAAAAAAAAAAAAAACxA==}}

@book{Lutz07,
	Author = {Mark Lutz},
	Date-Added = {2009-04-20 16:07:53 +0200},
	Date-Modified = {2009-04-20 16:08:26 +0200},
	Edition = {3},
	Publisher = {O'Reilly Media},
	Title = {Learning Python},
	Year = {2007},
	Bdsk-File-1 = {YnBsaXN0MDDUAQIDBAUGJCVYJHZlcnNpb25YJG9iamVjdHNZJGFyY2hpdmVyVCR0b3ASAAGGoKgHCBMUFRYaIVUkbnVsbNMJCgsMDxJXTlMua2V5c1pOUy5vYmplY3RzViRjbGFzc6INDoACgAOiEBGABIAFgAdccmVsYXRpdmVQYXRoWWFsaWFzRGF0YV8QJS4uLy4uLy4uL2htZy1yZWZzL2RhdGFiYXNlL0x1dHowNy5wZGbSFwsYGVdOUy5kYXRhTxEBjAAAAAABjAACAAAMTWFjaW50b3NoIEhEAAAAAAAAAAAAAAAAAAAAzDEvEkgrAAAAJoB1Ckx1dHowNy5wZGYAAAAAAAAAAAAAAAAAAAAAAAAAAAAAAAAAAAAAAAAAAAAAAAAAAAAAAAAAAAAAAAAAAAAAAAAmgnHGEkr2AAAAAAAAAAAAAwADAAAJIAAAAAAAAAAAAAAAAAAAAAhkYXRhYmFzZQAQAAgAAMwxEvIAAAARAAgAAMYSLtYAAAABABQAJoB1ACaAMwAGkLMABdckAAIN+QACAD1NYWNpbnRvc2ggSEQ6VXNlcnM6AGhtZzoAZWNvbjoAaG1nLXJlZnM6AGRhdGFiYXNlOgBMdXR6MDcucGRmAAAOABYACgBMAHUAdAB6ADAANwAuAHAAZABmAA8AGgAMAE0AYQBjAGkAbgB0AG8AcwBoACAASABEABIAK1VzZXJzL2htZy9lY29uL2htZy1yZWZzL2RhdGFiYXNlL0x1dHowNy5wZGYAABMAAS8AABUAAgAK//8AAIAG0hscHR5aJGNsYXNzbmFtZVgkY2xhc3Nlc11OU011dGFibGVEYXRhox0fIFZOU0RhdGFYTlNPYmplY3TSGxwiI1xOU0RpY3Rpb25hcnmiIiBfEA9OU0tleWVkQXJjaGl2ZXLRJidUcm9vdIABAAgAEQAaACMALQAyADcAQABGAE0AVQBgAGcAagBsAG4AcQBzAHUAdwCEAI4AtgC7AMMCUwJVAloCZQJuAnwCgAKHApAClQKiAqUCtwK6Ar8AAAAAAAACAQAAAAAAAAAoAAAAAAAAAAAAAAAAAAACwQ==}}

@article{McCrary02,
	Author = {Justin {McCrary}},
	Date-Added = {2009-11-27 19:03:31 +0100},
	Date-Modified = {2009-11-27 19:14:00 +0100},
	Journal = {The American Economic Review},
	Month = sep,
	Number = {4},
	Pages = {1236-1243},
	Title = {Using Electoral Cycles in Police Hiring to Estimate the Effect of Police on Crime: Comment},
	Volume = {92},
	Year = {2002},
	Bdsk-File-1 = {YnBsaXN0MDDUAQIDBAUGJCVYJHZlcnNpb25YJG9iamVjdHNZJGFyY2hpdmVyVCR0b3ASAAGGoKgHCBMUFRYaIVUkbnVsbNMJCgsMDxJXTlMua2V5c1pOUy5vYmplY3RzViRjbGFzc6INDoACgAOiEBGABIAFgAdccmVsYXRpdmVQYXRoWWFsaWFzRGF0YV8QKC4uLy4uLy4uL2htZy1yZWZzL2RhdGFiYXNlL01jQ3JhcnkwMi5wZGbSFwsYGVdOUy5kYXRhTxEBlgAAAAABlgACAAAMTWFjaW50b3NoIEhEAAAAAAAAAAAAAAAAAAAAzDEvEkgrAAAAJoB1DU1jQ3JhcnkwMi5wZGYAAAAAAAAAAAAAAAAAAAAAAAAAAAAAAAAAAAAAAAAAAAAAAAAAAAAAAAAAAAAAAAAAAAAmgNfJgaG1AAAAAAAAAAAAAwADAAAJIAAAAAAAAAAAAAAAAAAAAAhkYXRhYmFzZQAQAAgAAMwxEvIAAAARAAgAAMmBk6UAAAABABQAJoB1ACaAMwAGkLMABdckAAIN+QACAEBNYWNpbnRvc2ggSEQ6VXNlcnM6AGhtZzoAZWNvbjoAaG1nLXJlZnM6AGRhdGFiYXNlOgBNY0NyYXJ5MDIucGRmAA4AHAANAE0AYwBDAHIAYQByAHkAMAAyAC4AcABkAGYADwAaAAwATQBhAGMAaQBuAHQAbwBzAGgAIABIAEQAEgAuVXNlcnMvaG1nL2Vjb24vaG1nLXJlZnMvZGF0YWJhc2UvTWNDcmFyeTAyLnBkZgATAAEvAAAVAAIACv//AACABtIbHB0eWiRjbGFzc25hbWVYJGNsYXNzZXNdTlNNdXRhYmxlRGF0YaMdHyBWTlNEYXRhWE5TT2JqZWN00hscIiNcTlNEaWN0aW9uYXJ5oiIgXxAPTlNLZXllZEFyY2hpdmVy0SYnVHJvb3SAAQAIABEAGgAjAC0AMgA3AEAARgBNAFUAYABnAGoAbABuAHEAcwB1AHcAhACOALkAvgDGAmACYgJnAnICewKJAo0ClAKdAqICrwKyAsQCxwLMAAAAAAAAAgEAAAAAAAAAKAAAAAAAAAAAAAAAAAAAAs4=}}

@article{McCullough07,
	Author = {B. D. {McCullough}},
	Date-Added = {2010-04-07 10:31:23 +0200},
	Date-Modified = {2010-04-07 10:32:22 +0200},
	Journal = {Econ Journal Watch},
	Month = {September},
	Number = {3},
	Pages = {326-337},
	Title = {Got Replicability? {The} \emph{Journal of Money, Credit and Banking Archive}},
	Volume = {4},
	Year = {2007},
	Bdsk-File-1 = {YnBsaXN0MDDUAQIDBAUGJCVYJHZlcnNpb25YJG9iamVjdHNZJGFyY2hpdmVyVCR0b3ASAAGGoKgHCBMUFRYaIVUkbnVsbNMJCgsMDxJXTlMua2V5c1pOUy5vYmplY3RzViRjbGFzc6INDoACgAOiEBGABIAFgAdccmVsYXRpdmVQYXRoWWFsaWFzRGF0YV8QKy4uLy4uLy4uL2htZy1yZWZzL2RhdGFiYXNlL01jQ3VsbG91Z2gwNy5wZGbSFwsYGVdOUy5kYXRhTxEBpAAAAAABpAACAAAMTWFjaW50b3NoIEhEAAAAAAAAAAAAAAAAAAAAzDEvEkgrAAAAJoB1EE1jQ3VsbG91Z2gwNy5wZGYAAAAAAAAAAAAAAAAAAAAAAAAAAAAAAAAAAAAAAAAAAAAAAAAAAAAAAAAAAAAAAAAmhFrH4ijnAAAAAAAAAAAAAwADAAAJIAAAAAAAAAAAAAAAAAAAAAhkYXRhYmFzZQAQAAgAAMwxEvIAAAARAAgAAMfiDMcAAAABABQAJoB1ACaAMwAGkLMABdckAAIN+QACAENNYWNpbnRvc2ggSEQ6VXNlcnM6AGhtZzoAZWNvbjoAaG1nLXJlZnM6AGRhdGFiYXNlOgBNY0N1bGxvdWdoMDcucGRmAAAOACIAEABNAGMAQwB1AGwAbABvAHUAZwBoADAANwAuAHAAZABmAA8AGgAMAE0AYQBjAGkAbgB0AG8AcwBoACAASABEABIAMVVzZXJzL2htZy9lY29uL2htZy1yZWZzL2RhdGFiYXNlL01jQ3VsbG91Z2gwNy5wZGYAABMAAS8AABUAAgAK//8AAIAG0hscHR5aJGNsYXNzbmFtZVgkY2xhc3Nlc11OU011dGFibGVEYXRhox0fIFZOU0RhdGFYTlNPYmplY3TSGxwiI1xOU0RpY3Rpb25hcnmiIiBfEA9OU0tleWVkQXJjaGl2ZXLRJidUcm9vdIABAAgAEQAaACMALQAyADcAQABGAE0AVQBgAGcAagBsAG4AcQBzAHUAdwCEAI4AvADBAMkCcQJzAngCgwKMApoCngKlAq4CswLAAsMC1QLYAt0AAAAAAAACAQAAAAAAAAAoAAAAAAAAAAAAAAAAAAAC3w==}}

@article{McCullough08,
	Author = {B. D. {McCullough}},
	Date-Added = {2010-04-07 11:13:54 +0200},
	Date-Modified = {2010-04-07 11:14:24 +0200},
	Journal = {Computational Statistics \& Data Analysis},
	Month = jun,
	Number = {10},
	Pages = {4568-4569},
	Title = {Special section on {Microsoft Excel 2007}},
	Volume = {52},
	Year = {2008},
	Bdsk-File-1 = {YnBsaXN0MDDUAQIDBAUGJCVYJHZlcnNpb25YJG9iamVjdHNZJGFyY2hpdmVyVCR0b3ASAAGGoKgHCBMUFRYaIVUkbnVsbNMJCgsMDxJXTlMua2V5c1pOUy5vYmplY3RzViRjbGFzc6INDoACgAOiEBGABIAFgAdccmVsYXRpdmVQYXRoWWFsaWFzRGF0YV8QKy4uLy4uLy4uL2htZy1yZWZzL2RhdGFiYXNlL01jQ3VsbG91Z2gwOC5wZGbSFwsYGVdOUy5kYXRhTxEBpAAAAAABpAACAAAMTWFjaW50b3NoIEhEAAAAAAAAAAAAAAAAAAAAzDEvEkgrAAAAJoB1EE1jQ3VsbG91Z2gwOC5wZGYAAAAAAAAAAAAAAAAAAAAAAAAAAAAAAAAAAAAAAAAAAAAAAAAAAAAAAAAAAAAAAAAmhOPH4ijnAAAAAAAAAAAAAwADAAAJIAAAAAAAAAAAAAAAAAAAAAhkYXRhYmFzZQAQAAgAAMwxEvIAAAARAAgAAMfiDMcAAAABABQAJoB1ACaAMwAGkLMABdckAAIN+QACAENNYWNpbnRvc2ggSEQ6VXNlcnM6AGhtZzoAZWNvbjoAaG1nLXJlZnM6AGRhdGFiYXNlOgBNY0N1bGxvdWdoMDgucGRmAAAOACIAEABNAGMAQwB1AGwAbABvAHUAZwBoADAAOAAuAHAAZABmAA8AGgAMAE0AYQBjAGkAbgB0AG8AcwBoACAASABEABIAMVVzZXJzL2htZy9lY29uL2htZy1yZWZzL2RhdGFiYXNlL01jQ3VsbG91Z2gwOC5wZGYAABMAAS8AABUAAgAK//8AAIAG0hscHR5aJGNsYXNzbmFtZVgkY2xhc3Nlc11OU011dGFibGVEYXRhox0fIFZOU0RhdGFYTlNPYmplY3TSGxwiI1xOU0RpY3Rpb25hcnmiIiBfEA9OU0tleWVkQXJjaGl2ZXLRJidUcm9vdIABAAgAEQAaACMALQAyADcAQABGAE0AVQBgAGcAagBsAG4AcQBzAHUAdwCEAI4AvADBAMkCcQJzAngCgwKMApoCngKlAq4CswLAAsMC1QLYAt0AAAAAAAACAQAAAAAAAAAoAAAAAAAAAAAAAAAAAAAC3w==}}

@article{McCullough09,
	Author = {B. D. {McCullough}},
	Date-Added = {2010-04-06 17:41:04 +0200},
	Date-Modified = {2010-04-06 17:42:55 +0200},
	Journal = {Economic Analysis \& Policy},
	Month = {March},
	Number = {1},
	Pages = {117-126},
	Title = {Open Access Economics Journals and the Market for Reproducible Economic Research},
	Volume = {39},
	Year = {2009},
	Bdsk-File-1 = {YnBsaXN0MDDUAQIDBAUGJCVYJHZlcnNpb25YJG9iamVjdHNZJGFyY2hpdmVyVCR0b3ASAAGGoKgHCBMUFRYaIVUkbnVsbNMJCgsMDxJXTlMua2V5c1pOUy5vYmplY3RzViRjbGFzc6INDoACgAOiEBGABIAFgAdccmVsYXRpdmVQYXRoWWFsaWFzRGF0YV8QKy4uLy4uLy4uL2htZy1yZWZzL2RhdGFiYXNlL01jQ3VsbG91Z2gwOS5wZGbSFwsYGVdOUy5kYXRhTxEBpAAAAAABpAACAAAMTWFjaW50b3NoIEhEAAAAAAAAAAAAAAAAAAAAzDEvEkgrAAAAJoB1EE1jQ3VsbG91Z2gwOS5wZGYAAAAAAAAAAAAAAAAAAAAAAAAAAAAAAAAAAAAAAAAAAAAAAAAAAAAAAAAAAAAAAAAmhW3H4SRCAAAAAAAAAAAAAwADAAAJIAAAAAAAAAAAAAAAAAAAAAhkYXRhYmFzZQAQAAgAAMwxEvIAAAARAAgAAMfhCCIAAAABABQAJoB1ACaAMwAGkLMABdckAAIN+QACAENNYWNpbnRvc2ggSEQ6VXNlcnM6AGhtZzoAZWNvbjoAaG1nLXJlZnM6AGRhdGFiYXNlOgBNY0N1bGxvdWdoMDkucGRmAAAOACIAEABNAGMAQwB1AGwAbABvAHUAZwBoADAAOQAuAHAAZABmAA8AGgAMAE0AYQBjAGkAbgB0AG8AcwBoACAASABEABIAMVVzZXJzL2htZy9lY29uL2htZy1yZWZzL2RhdGFiYXNlL01jQ3VsbG91Z2gwOS5wZGYAABMAAS8AABUAAgAK//8AAIAG0hscHR5aJGNsYXNzbmFtZVgkY2xhc3Nlc11OU011dGFibGVEYXRhox0fIFZOU0RhdGFYTlNPYmplY3TSGxwiI1xOU0RpY3Rpb25hcnmiIiBfEA9OU0tleWVkQXJjaGl2ZXLRJidUcm9vdIABAAgAEQAaACMALQAyADcAQABGAE0AVQBgAGcAagBsAG4AcQBzAHUAdwCEAI4AvADBAMkCcQJzAngCgwKMApoCngKlAq4CswLAAsMC1QLYAt0AAAAAAAACAQAAAAAAAAAoAAAAAAAAAAAAAAAAAAAC3w==}}

@article{McCulloughVinod03,
	Author = {B. D. {McCullough} and Hrishikesh D. Vinod},
	Date-Added = {2010-04-06 17:23:46 +0200},
	Date-Modified = {2013-04-18 14:28:04 +0000},
	Journal = {American Economic Review},
	Month = {June},
	Number = {3},
	Pages = {873-892},
	Title = {Verifying the Solution from a Nonlinear Solver: A Case Study},
	Volume = {93},
	Year = {2003},
	Bdsk-File-1 = {YnBsaXN0MDDUAQIDBAUGJCVYJHZlcnNpb25YJG9iamVjdHNZJGFyY2hpdmVyVCR0b3ASAAGGoKgHCBMUFRYaIVUkbnVsbNMJCgsMDxJXTlMua2V5c1pOUy5vYmplY3RzViRjbGFzc6INDoACgAOiEBGABIAFgAdccmVsYXRpdmVQYXRoWWFsaWFzRGF0YV8QMC4uLy4uLy4uL2htZy1yZWZzL2RhdGFiYXNlL01jQ3VsbG91Z2hWaW5vZDAzLnBkZtIXCxgZV05TLmRhdGFPEQG2AAAAAAG2AAIAAAxNYWNpbnRvc2ggSEQAAAAAAAAAAAAAAAAAAADMMS8SSCsAAAAmgHUVTWNDdWxsb3VnaFZpbm9kMDMucGRmAAAAAAAAAAAAAAAAAAAAAAAAAAAAAAAAAAAAAAAAAAAAAAAAAAAAAAAAACaD/MfhJEIAAAAAAAAAAAADAAMAAAkgAAAAAAAAAAAAAAAAAAAACGRhdGFiYXNlABAACAAAzDES8gAAABEACAAAx+EIIgAAAAEAFAAmgHUAJoAzAAaQswAF1yQAAg35AAIASE1hY2ludG9zaCBIRDpVc2VyczoAaG1nOgBlY29uOgBobWctcmVmczoAZGF0YWJhc2U6AE1jQ3VsbG91Z2hWaW5vZDAzLnBkZgAOACwAFQBNAGMAQwB1AGwAbABvAHUAZwBoAFYAaQBuAG8AZAAwADMALgBwAGQAZgAPABoADABNAGEAYwBpAG4AdABvAHMAaAAgAEgARAASADZVc2Vycy9obWcvZWNvbi9obWctcmVmcy9kYXRhYmFzZS9NY0N1bGxvdWdoVmlub2QwMy5wZGYAEwABLwAAFQACAAr//wAAgAbSGxwdHlokY2xhc3NuYW1lWCRjbGFzc2VzXU5TTXV0YWJsZURhdGGjHR8gVk5TRGF0YVhOU09iamVjdNIbHCIjXE5TRGljdGlvbmFyeaIiIF8QD05TS2V5ZWRBcmNoaXZlctEmJ1Ryb290gAEACAARABoAIwAtADIANwBAAEYATQBVAGAAZwBqAGwAbgBxAHMAdQB3AIQAjgDBAMYAzgKIAooCjwKaAqMCsQK1ArwCxQLKAtcC2gLsAu8C9AAAAAAAAAIBAAAAAAAAACgAAAAAAAAAAAAAAAAAAAL2}}

@article{Merali10,
	Author = {Zeeya Merali},
	Date-Added = {2010-10-14 10:15:43 +0200},
	Date-Modified = {2010-10-14 10:16:28 +0200},
	Journal = {Nature},
	Pages = {775-777},
	Title = {Computational science: ...Error},
	Volume = {467},
	Year = {2010},
	Bdsk-File-1 = {YnBsaXN0MDDUAQIDBAUGJCVYJHZlcnNpb25YJG9iamVjdHNZJGFyY2hpdmVyVCR0b3ASAAGGoKgHCBMUFRYaIVUkbnVsbNMJCgsMDxJXTlMua2V5c1pOUy5vYmplY3RzViRjbGFzc6INDoACgAOiEBGABIAFgAdccmVsYXRpdmVQYXRoWWFsaWFzRGF0YV8QJy4uLy4uLy4uL2htZy1yZWZzL2RhdGFiYXNlL01lcmFsaTEwLnBkZtIXCxgZV05TLmRhdGFPEQGUAAAAAAGUAAIAAAxNYWNpbnRvc2ggSEQAAAAAAAAAAAAAAAAAAADMMS8SSCsAAAAmgHUMTWVyYWxpMTAucGRmAAAAAAAAAAAAAAAAAAAAAAAAAAAAAAAAAAAAAAAAAAAAAAAAAAAAAAAAAAAAAAAAAAAAACaHYsjcihgAAAAAAAAAAAADAAMAAAkgAAAAAAAAAAAAAAAAAAAACGRhdGFiYXNlABAACAAAzDES8gAAABEACAAAyNxt+AAAAAEAFAAmgHUAJoAzAAaQswAF1yQAAg35AAIAP01hY2ludG9zaCBIRDpVc2VyczoAaG1nOgBlY29uOgBobWctcmVmczoAZGF0YWJhc2U6AE1lcmFsaTEwLnBkZgAADgAaAAwATQBlAHIAYQBsAGkAMQAwAC4AcABkAGYADwAaAAwATQBhAGMAaQBuAHQAbwBzAGgAIABIAEQAEgAtVXNlcnMvaG1nL2Vjb24vaG1nLXJlZnMvZGF0YWJhc2UvTWVyYWxpMTAucGRmAAATAAEvAAAVAAIACv//AACABtIbHB0eWiRjbGFzc25hbWVYJGNsYXNzZXNdTlNNdXRhYmxlRGF0YaMdHyBWTlNEYXRhWE5TT2JqZWN00hscIiNcTlNEaWN0aW9uYXJ5oiIgXxAPTlNLZXllZEFyY2hpdmVy0SYnVHJvb3SAAQAIABEAGgAjAC0AMgA3AEAARgBNAFUAYABnAGoAbABuAHEAcwB1AHcAhACOALgAvQDFAl0CXwJkAm8CeAKGAooCkQKaAp8CrAKvAsECxALJAAAAAAAAAgEAAAAAAAAAKAAAAAAAAAAAAAAAAAAAAss=}}

@book{Nagy17,
	Author = {Thomas Nagy},
	Date-Added = {2011-03-14 12:16:48 +0100},
	Date-Modified = {2013-02-06 17:03:11 +0000},
	Publisher = {Available at \url{https://waf.io/book/}},
	Title = {The Waf Book},
	Year = {2017},
	Bdsk-File-1 = {YnBsaXN0MDDUAQIDBAUGJCVYJHZlcnNpb25YJG9iamVjdHNZJGFyY2hpdmVyVCR0b3ASAAGGoKgHCBMUFRYaIVUkbnVsbNMJCgsMDxJXTlMua2V5c1pOUy5vYmplY3RzViRjbGFzc6INDoACgAOiEBGABIAFgAdccmVsYXRpdmVQYXRoWWFsaWFzRGF0YV8QJi4uLy4uLy4uL2htZy1yZWZzL2RhdGFiYXNlL05hZ3kxM0EucGRm0hcLGBlXTlMuZGF0YU8RAY4AAAAAAY4AAgAADE1hY2ludG9zaCBIRAAAAAAAAAAAAAAAAAAAAMwxLxJIKwAAACaAdQtOYWd5MTNBLnBkZgAAAAAAAAAAAAAAAAAAAAAAAAAAAAAAAAAAAAAAAAAAAAAAAAAAAAAAAAAAAAAAAAAAAAAASH23zThLyQAAAAAAAAAAAAMAAwAACSAAAAAAAAAAAAAAAAAAAAAIZGF0YWJhc2UAEAAIAADMMRLyAAAAEQAIAADNOD25AAAAAQAUACaAdQAmgDMABpCzAAXXJAACDfkAAgA+TWFjaW50b3NoIEhEOlVzZXJzOgBobWc6AGVjb246AGhtZy1yZWZzOgBkYXRhYmFzZToATmFneTEzQS5wZGYADgAYAAsATgBhAGcAeQAxADMAQQAuAHAAZABmAA8AGgAMAE0AYQBjAGkAbgB0AG8AcwBoACAASABEABIALFVzZXJzL2htZy9lY29uL2htZy1yZWZzL2RhdGFiYXNlL05hZ3kxM0EucGRmABMAAS8AABUAAgAK//8AAIAG0hscHR5aJGNsYXNzbmFtZVgkY2xhc3Nlc11OU011dGFibGVEYXRhox0fIFZOU0RhdGFYTlNPYmplY3TSGxwiI1xOU0RpY3Rpb25hcnmiIiBfEA9OU0tleWVkQXJjaGl2ZXLRJidUcm9vdIABAAgAEQAaACMALQAyADcAQABGAE0AVQBgAGcAagBsAG4AcQBzAHUAdwCEAI4AtwC8AMQCVgJYAl0CaAJxAn8CgwKKApMCmAKlAqgCugK9AsIAAAAAAAACAQAAAAAAAAAoAAAAAAAAAAAAAAAAAAACxA==}}

@article{Panko98,
	Author = {Raymond R. Panko},
	Date-Added = {2009-11-27 18:10:32 +0100},
	Date-Modified = {2009-11-27 18:12:29 +0100},
	Journal = {Journal of End User Computing},
	Month = {Spring},
	Note = {Revised version 2008 available at \url{http://panko.shidler.hawaii.edu/ssr/Mypapers/whatknow.htm}},
	Number = {2},
	Pages = {15-21},
	Title = {What We Know About Spreadsheet Errors},
	Volume = {10},
	Year = {1998/2008},
	Bdsk-File-1 = {YnBsaXN0MDDUAQIDBAUGJCVYJHZlcnNpb25YJG9iamVjdHNZJGFyY2hpdmVyVCR0b3ASAAGGoKgHCBMUFRYaIVUkbnVsbNMJCgsMDxJXTlMua2V5c1pOUy5vYmplY3RzViRjbGFzc6INDoACgAOiEBGABIAFgAdccmVsYXRpdmVQYXRoWWFsaWFzRGF0YV8QJi4uLy4uLy4uL2htZy1yZWZzL2RhdGFiYXNlL1BhbmtvOTgucGRm0hcLGBlXTlMuZGF0YU8RAY4AAAAAAY4AAgAADE1hY2ludG9zaCBIRAAAAAAAAAAAAAAAAAAAAMwxLxJIKwAAACaAdQtQYW5rbzk4LnBkZgAAAAAAAAAAAAAAAAAAAAAAAAAAAAAAAAAAAAAAAAAAAAAAAAAAAAAAAAAAAAAAAAAAAAAAJoUYx0GUtQAAAAAAAAAAAAMAAwAACSAAAAAAAAAAAAAAAAAAAAAIZGF0YWJhc2UAEAAIAADMMRLyAAAAEQAIAADHQYalAAAAAQAUACaAdQAmgDMABpCzAAXXJAACDfkAAgA+TWFjaW50b3NoIEhEOlVzZXJzOgBobWc6AGVjb246AGhtZy1yZWZzOgBkYXRhYmFzZToAUGFua285OC5wZGYADgAYAAsAUABhAG4AawBvADkAOAAuAHAAZABmAA8AGgAMAE0AYQBjAGkAbgB0AG8AcwBoACAASABEABIALFVzZXJzL2htZy9lY29uL2htZy1yZWZzL2RhdGFiYXNlL1BhbmtvOTgucGRmABMAAS8AABUAAgAK//8AAIAG0hscHR5aJGNsYXNzbmFtZVgkY2xhc3Nlc11OU011dGFibGVEYXRhox0fIFZOU0RhdGFYTlNPYmplY3TSGxwiI1xOU0RpY3Rpb25hcnmiIiBfEA9OU0tleWVkQXJjaGl2ZXLRJidUcm9vdIABAAgAEQAaACMALQAyADcAQABGAE0AVQBgAGcAagBsAG4AcQBzAHUAdwCEAI4AtwC8AMQCVgJYAl0CaAJxAn8CgwKKApMCmAKlAqgCugK9AsIAAAAAAAACAQAAAAAAAAAoAAAAAAAAAAAAAAAAAAACxA==}}

@article{Rothstein07comment,
	Author = {Jesse Rothstein},
	Date-Added = {2009-11-10 16:58:11 +0100},
	Date-Modified = {2009-11-10 17:00:17 +0100},
	Journal = {American Economic Review},
	Month = {December},
	Number = {5},
	Pages = {2026-2037},
	Title = {Does Competition Among Public Schools Benefit Students and Taxpayers? {Comment}},
	Volume = {97},
	Year = {2007},
	Bdsk-File-1 = {YnBsaXN0MDDUAQIDBAUGJCVYJHZlcnNpb25YJG9iamVjdHNZJGFyY2hpdmVyVCR0b3ASAAGGoKgHCBMUFRYaIVUkbnVsbNMJCgsMDxJXTlMua2V5c1pOUy5vYmplY3RzViRjbGFzc6INDoACgAOiEBGABIAFgAdccmVsYXRpdmVQYXRoWWFsaWFzRGF0YV8QMS4uLy4uLy4uL2htZy1yZWZzL2RhdGFiYXNlL1JvdGhzdGVpbjA3Y29tbWVudC5wZGbSFwsYGVdOUy5kYXRhTxEBvAAAAAABvAACAAAMTWFjaW50b3NoIEhEAAAAAAAAAAAAAAAAAAAAzDEvEkgrAAAAJoB1FlJvdGhzdGVpbjA3Y29tbWVudC5wZGYAAAAAAAAAAAAAAAAAAAAAAAAAAAAAAAAAAAAAAAAAAAAAAAAAAAAAAAAmg8HHH1lFAAAAAAAAAAAAAwADAAAJIAAAAAAAAAAAAAAAAAAAAAhkYXRhYmFzZQAQAAgAAMwxEvIAAAARAAgAAMcfSzUAAAABABQAJoB1ACaAMwAGkLMABdckAAIN+QACAElNYWNpbnRvc2ggSEQ6VXNlcnM6AGhtZzoAZWNvbjoAaG1nLXJlZnM6AGRhdGFiYXNlOgBSb3Roc3RlaW4wN2NvbW1lbnQucGRmAAAOAC4AFgBSAG8AdABoAHMAdABlAGkAbgAwADcAYwBvAG0AbQBlAG4AdAAuAHAAZABmAA8AGgAMAE0AYQBjAGkAbgB0AG8AcwBoACAASABEABIAN1VzZXJzL2htZy9lY29uL2htZy1yZWZzL2RhdGFiYXNlL1JvdGhzdGVpbjA3Y29tbWVudC5wZGYAABMAAS8AABUAAgAK//8AAIAG0hscHR5aJGNsYXNzbmFtZVgkY2xhc3Nlc11OU011dGFibGVEYXRhox0fIFZOU0RhdGFYTlNPYmplY3TSGxwiI1xOU0RpY3Rpb25hcnmiIiBfEA9OU0tleWVkQXJjaGl2ZXLRJidUcm9vdIABAAgAEQAaACMALQAyADcAQABGAE0AVQBgAGcAagBsAG4AcQBzAHUAdwCEAI4AwgDHAM8CjwKRApYCoQKqArgCvALDAswC0QLeAuEC8wL2AvsAAAAAAAACAQAAAAAAAAAoAAAAAAAAAAAAAAAAAAAC/Q==}}

@unpublished{Rothstein07rejoinder,
	Author = {Jesse Rothstein},
	Date-Added = {2009-11-10 17:00:33 +0100},
	Date-Modified = {2010-10-27 19:47:27 +0200},
	Month = {November},
	Note = {Available at \url{http://gsppi.berkeley.edu/faculty/jrothstein/hoxby/rejoinder.pdf}},
	Title = {Rejoinder to {Hoxby}},
	Year = {2007},
	Bdsk-File-1 = {YnBsaXN0MDDUAQIDBAUGJCVYJHZlcnNpb25YJG9iamVjdHNZJGFyY2hpdmVyVCR0b3ASAAGGoKgHCBMUFRYaIVUkbnVsbNMJCgsMDxJXTlMua2V5c1pOUy5vYmplY3RzViRjbGFzc6INDoACgAOiEBGABIAFgAdccmVsYXRpdmVQYXRoWWFsaWFzRGF0YV8QMy4uLy4uLy4uL2htZy1yZWZzL2RhdGFiYXNlL1JvdGhzdGVpbjA3cmVqb2luZGVyLnBkZtIXCxgZV05TLmRhdGFPEQHEAAAAAAHEAAIAAAxNYWNpbnRvc2ggSEQAAAAAAAAAAAAAAAAAAADMMS8SSCsAAAAmgHUYUm90aHN0ZWluMDdyZWpvaW5kZXIucGRmAAAAAAAAAAAAAAAAAAAAAAAAAAAAAAAAAAAAAAAAAAAAAAAAAAAAACaGoscfWUUAAAAAAAAAAAADAAMAAAkgAAAAAAAAAAAAAAAAAAAACGRhdGFiYXNlABAACAAAzDES8gAAABEACAAAxx9LNQAAAAEAFAAmgHUAJoAzAAaQswAF1yQAAg35AAIAS01hY2ludG9zaCBIRDpVc2VyczoAaG1nOgBlY29uOgBobWctcmVmczoAZGF0YWJhc2U6AFJvdGhzdGVpbjA3cmVqb2luZGVyLnBkZgAADgAyABgAUgBvAHQAaABzAHQAZQBpAG4AMAA3AHIAZQBqAG8AaQBuAGQAZQByAC4AcABkAGYADwAaAAwATQBhAGMAaQBuAHQAbwBzAGgAIABIAEQAEgA5VXNlcnMvaG1nL2Vjb24vaG1nLXJlZnMvZGF0YWJhc2UvUm90aHN0ZWluMDdyZWpvaW5kZXIucGRmAAATAAEvAAAVAAIACv//AACABtIbHB0eWiRjbGFzc25hbWVYJGNsYXNzZXNdTlNNdXRhYmxlRGF0YaMdHyBWTlNEYXRhWE5TT2JqZWN00hscIiNcTlNEaWN0aW9uYXJ5oiIgXxAPTlNLZXllZEFyY2hpdmVy0SYnVHJvb3SAAQAIABEAGgAjAC0AMgA3AEAARgBNAFUAYABnAGoAbABuAHEAcwB1AHcAhACOAMQAyQDRApkCmwKgAqsCtALCAsYCzQLWAtsC6ALrAv0DAAMFAAAAAAAAAgEAAAAAAAAAKAAAAAAAAAAAAAAAAAAAAwc=}}

@article{Schelling69,
	Author = {Thomas C. Schelling},
	Date-Added = {2013-12-10 16:30:12 +0000},
	Date-Modified = {2013-12-10 16:30:35 +0000},
	Journal = {The American Economic Review},
	Number = {2},
	Pages = {488-493},
	Title = {Models of Segregation},
	Volume = {59},
	Year = {1969},
	Bdsk-File-1 = {YnBsaXN0MDDUAQIDBAUGJCVYJHZlcnNpb25YJG9iamVjdHNZJGFyY2hpdmVyVCR0b3ASAAGGoKgHCBMUFRYaIVUkbnVsbNMJCgsMDxJXTlMua2V5c1pOUy5vYmplY3RzViRjbGFzc6INDoACgAOiEBGABIAFgAdccmVsYXRpdmVQYXRoWWFsaWFzRGF0YV8QKy4uLy4uLy4uL2htZy1yZWZzL2RhdGFiYXNlL1NjaGVsbGluZzY5QS5wZGbSFwsYGVdOUy5kYXRhTxEBpAAAAAABpAACAAAMTWFjaW50b3NoIEhEAAAAAAAAAAAAAAAAAAAAzDEvEkgrAAAAJoB1EFNjaGVsbGluZzY5QS5wZGYAAAAAAAAAAAAAAAAAAAAAAAAAAAAAAAAAAAAAAAAAAAAAAAAAAAAAAAAAAAAAAADQGJrOzQBLAAAAAAAAAAAAAwADAAAJIAAAAAAAAAAAAAAAAAAAAAhkYXRhYmFzZQAQAAgAAMwxEvIAAAARAAgAAM7M8jsAAAABABQAJoB1ACaAMwAGkLMABdckAAIN+QACAENNYWNpbnRvc2ggSEQ6VXNlcnM6AGhtZzoAZWNvbjoAaG1nLXJlZnM6AGRhdGFiYXNlOgBTY2hlbGxpbmc2OUEucGRmAAAOACIAEABTAGMAaABlAGwAbABpAG4AZwA2ADkAQQAuAHAAZABmAA8AGgAMAE0AYQBjAGkAbgB0AG8AcwBoACAASABEABIAMVVzZXJzL2htZy9lY29uL2htZy1yZWZzL2RhdGFiYXNlL1NjaGVsbGluZzY5QS5wZGYAABMAAS8AABUAAgAK//8AAIAG0hscHR5aJGNsYXNzbmFtZVgkY2xhc3Nlc11OU011dGFibGVEYXRhox0fIFZOU0RhdGFYTlNPYmplY3TSGxwiI1xOU0RpY3Rpb25hcnmiIiBfEA9OU0tleWVkQXJjaGl2ZXLRJidUcm9vdIABAAgAEQAaACMALQAyADcAQABGAE0AVQBgAGcAagBsAG4AcQBzAHUAdwCEAI4AvADBAMkCcQJzAngCgwKMApoCngKlAq4CswLAAsMC1QLYAt0AAAAAAAACAQAAAAAAAAAoAAAAAAAAAAAAAAAAAAAC3w==}}

@unpublished{Segal08,
	Author = {Judith Segal},
	Date-Added = {2010-04-07 11:59:13 +0200},
	Date-Modified = {2010-04-07 12:00:49 +0200},
	Month = {September},
	Note = {Proceedings of the Psychology of Programming Interest Group, {University of Lancaster, UK}},
	Title = {Scientists and Software Engineers: A Tale of Two Cultures.},
	Year = {2008},
	Bdsk-File-1 = {YnBsaXN0MDDUAQIDBAUGJCVYJHZlcnNpb25YJG9iamVjdHNZJGFyY2hpdmVyVCR0b3ASAAGGoKgHCBMUFRYaIVUkbnVsbNMJCgsMDxJXTlMua2V5c1pOUy5vYmplY3RzViRjbGFzc6INDoACgAOiEBGABIAFgAdccmVsYXRpdmVQYXRoWWFsaWFzRGF0YV8QJi4uLy4uLy4uL2htZy1yZWZzL2RhdGFiYXNlL1NlZ2FsMDgucGRm0hcLGBlXTlMuZGF0YU8RAY4AAAAAAY4AAgAADE1hY2ludG9zaCBIRAAAAAAAAAAAAAAAAAAAAMwxLxJIKwAAACaAdQtTZWdhbDA4LnBkZgAAAAAAAAAAAAAAAAAAAAAAAAAAAAAAAAAAAAAAAAAAAAAAAAAAAAAAAAAAAAAAAAAAAAAAJoWhx+Io5wAAAAAAAAAAAAMAAwAACSAAAAAAAAAAAAAAAAAAAAAIZGF0YWJhc2UAEAAIAADMMRLyAAAAEQAIAADH4gzHAAAAAQAUACaAdQAmgDMABpCzAAXXJAACDfkAAgA+TWFjaW50b3NoIEhEOlVzZXJzOgBobWc6AGVjb246AGhtZy1yZWZzOgBkYXRhYmFzZToAU2VnYWwwOC5wZGYADgAYAAsAUwBlAGcAYQBsADAAOAAuAHAAZABmAA8AGgAMAE0AYQBjAGkAbgB0AG8AcwBoACAASABEABIALFVzZXJzL2htZy9lY29uL2htZy1yZWZzL2RhdGFiYXNlL1NlZ2FsMDgucGRmABMAAS8AABUAAgAK//8AAIAG0hscHR5aJGNsYXNzbmFtZVgkY2xhc3Nlc11OU011dGFibGVEYXRhox0fIFZOU0RhdGFYTlNPYmplY3TSGxwiI1xOU0RpY3Rpb25hcnmiIiBfEA9OU0tleWVkQXJjaGl2ZXLRJidUcm9vdIABAAgAEQAaACMALQAyADcAQABGAE0AVQBgAGcAagBsAG4AcQBzAHUAdwCEAI4AtwC8AMQCVgJYAl0CaAJxAn8CgwKKApMCmAKlAqgCugK9AsIAAAAAAAACAQAAAAAAAAAoAAAAAAAAAAAAAAAAAAACxA==}}

@book{Sink11,
	Address = {Champaign, Illinois},
	Author = {Eric Sink},
	Date-Added = {2011-09-12 21:06:07 +0200},
	Date-Modified = {2011-09-12 21:06:40 +0200},
	Publisher = {Pyrenean Gold Press},
	Title = {Version Control by Example},
	Year = {2011},
	Bdsk-File-1 = {YnBsaXN0MDDUAQIDBAUGJCVYJHZlcnNpb25YJG9iamVjdHNZJGFyY2hpdmVyVCR0b3ASAAGGoKgHCBMUFRYaIVUkbnVsbNMJCgsMDxJXTlMua2V5c1pOUy5vYmplY3RzViRjbGFzc6INDoACgAOiEBGABIAFgAdccmVsYXRpdmVQYXRoWWFsaWFzRGF0YV8QJS4uLy4uLy4uL2htZy1yZWZzL2RhdGFiYXNlL1NpbmsxMS5wZGbSFwsYGVdOUy5kYXRhTxEBjAAAAAABjAACAAAMTWFjaW50b3NoIEhEAAAAAAAAAAAAAAAAAAAAzDEvEkgrAAAAJoB1ClNpbmsxMS5wZGYAAAAAAAAAAAAAAAAAAAAAAAAAAAAAAAAAAAAAAAAAAAAAAAAAAAAAAAAAAAAAAAAAAAAAAAAmh17KlCUrAAAAAAAAAAAAAwADAAAJIAAAAAAAAAAAAAAAAAAAAAhkYXRhYmFzZQAQAAgAAMwxEvIAAAARAAgAAMqUCQsAAAABABQAJoB1ACaAMwAGkLMABdckAAIN+QACAD1NYWNpbnRvc2ggSEQ6VXNlcnM6AGhtZzoAZWNvbjoAaG1nLXJlZnM6AGRhdGFiYXNlOgBTaW5rMTEucGRmAAAOABYACgBTAGkAbgBrADEAMQAuAHAAZABmAA8AGgAMAE0AYQBjAGkAbgB0AG8AcwBoACAASABEABIAK1VzZXJzL2htZy9lY29uL2htZy1yZWZzL2RhdGFiYXNlL1NpbmsxMS5wZGYAABMAAS8AABUAAgAK//8AAIAG0hscHR5aJGNsYXNzbmFtZVgkY2xhc3Nlc11OU011dGFibGVEYXRhox0fIFZOU0RhdGFYTlNPYmplY3TSGxwiI1xOU0RpY3Rpb25hcnmiIiBfEA9OU0tleWVkQXJjaGl2ZXLRJidUcm9vdIABAAgAEQAaACMALQAyADcAQABGAE0AVQBgAGcAagBsAG4AcQBzAHUAdwCEAI4AtgC7AMMCUwJVAloCZQJuAnwCgAKHApAClQKiAqUCtwK6Ar8AAAAAAAACAQAAAAAAAAAoAAAAAAAAAAAAAAAAAAACwQ==}}

@unpublished{StachurskiSargent13,
	Author = {John Stachurski and Thomas J. Sargent},
	Date-Added = {2013-12-10 16:22:41 +0000},
	Date-Modified = {2013-12-10 16:23:30 +0000},
	Note = {{Available at \url{http://quant-econ.net/index.html}}},
	Title = {Quantitative Economics},
	Year = {2013}}

@unpublished{Verfaille08,
	Author = {Vincent Verfaille},
	Date-Added = {2010-04-07 11:40:40 +0200},
	Date-Modified = {2010-04-07 11:41:45 +0200},
	Month = {January},
	Note = {Available at \url{http://www.cirmmt.mcgill.ca/activities/workshops/training/latex/details/pdf-slides}},
	Title = {{\LaTeX} workshop for advanced users... or at least not beginners!},
	Year = {2008},
	Bdsk-File-1 = {YnBsaXN0MDDUAQIDBAUGJCVYJHZlcnNpb25YJG9iamVjdHNZJGFyY2hpdmVyVCR0b3ASAAGGoKgHCBMUFRYaIVUkbnVsbNMJCgsMDxJXTlMua2V5c1pOUy5vYmplY3RzViRjbGFzc6INDoACgAOiEBGABIAFgAdccmVsYXRpdmVQYXRoWWFsaWFzRGF0YV8QKi4uLy4uLy4uL2htZy1yZWZzL2RhdGFiYXNlL1ZlcmZhaWxsZTA4LnBkZtIXCxgZV05TLmRhdGFPEQGeAAAAAAGeAAIAAAxNYWNpbnRvc2ggSEQAAAAAAAAAAAAAAAAAAADMMS8SSCsAAAAmgHUPVmVyZmFpbGxlMDgucGRmAAAAAAAAAAAAAAAAAAAAAAAAAAAAAAAAAAAAAAAAAAAAAAAAAAAAAAAAAAAAAAAAACaBJ8fiKOcAAAAAAAAAAAADAAMAAAkgAAAAAAAAAAAAAAAAAAAACGRhdGFiYXNlABAACAAAzDES8gAAABEACAAAx+IMxwAAAAEAFAAmgHUAJoAzAAaQswAF1yQAAg35AAIAQk1hY2ludG9zaCBIRDpVc2VyczoAaG1nOgBlY29uOgBobWctcmVmczoAZGF0YWJhc2U6AFZlcmZhaWxsZTA4LnBkZgAOACAADwBWAGUAcgBmAGEAaQBsAGwAZQAwADgALgBwAGQAZgAPABoADABNAGEAYwBpAG4AdABvAHMAaAAgAEgARAASADBVc2Vycy9obWcvZWNvbi9obWctcmVmcy9kYXRhYmFzZS9WZXJmYWlsbGUwOC5wZGYAEwABLwAAFQACAAr//wAAgAbSGxwdHlokY2xhc3NuYW1lWCRjbGFzc2VzXU5TTXV0YWJsZURhdGGjHR8gVk5TRGF0YVhOU09iamVjdNIbHCIjXE5TRGljdGlvbmFyeaIiIF8QD05TS2V5ZWRBcmNoaXZlctEmJ1Ryb290gAEACAARABoAIwAtADIANwBAAEYATQBVAGAAZwBqAGwAbgBxAHMAdQB3AIQAjgC7AMAAyAJqAmwCcQJ8AoUCkwKXAp4CpwKsArkCvALOAtEC1gAAAAAAAAIBAAAAAAAAACgAAAAAAAAAAAAAAAAAAALY}}

@book{Wilson05,
	Author = {Gregory V. Wilson},
	Date-Added = {2010-04-08 15:48:36 +0200},
	Date-Modified = {2010-04-08 15:48:55 +0200},
	Publisher = {The Pragmatic Programmers},
	Title = {Data Crunching},
	Year = {2005}}

@article{Wilson06,
	Author = {Gregory V. Wilson},
	Date-Added = {2010-01-21 16:01:24 +0100},
	Date-Modified = {2010-01-21 16:02:52 +0100},
	Journal = {American Scientist},
	Month = {January--February},
	Number = {1},
	Pages = {5-6},
	Title = {Where's the Real Bottleneck in Scientific Computing?},
	Volume = {94},
	Year = {2006},
	Bdsk-File-1 = {YnBsaXN0MDDUAQIDBAUGJCVYJHZlcnNpb25YJG9iamVjdHNZJGFyY2hpdmVyVCR0b3ASAAGGoKgHCBMUFRYaIVUkbnVsbNMJCgsMDxJXTlMua2V5c1pOUy5vYmplY3RzViRjbGFzc6INDoACgAOiEBGABIAFgAdccmVsYXRpdmVQYXRoWWFsaWFzRGF0YV8QJy4uLy4uLy4uL2htZy1yZWZzL2RhdGFiYXNlL1dpbHNvbjA2LnBkZtIXCxgZV05TLmRhdGFPEQGUAAAAAAGUAAIAAAxNYWNpbnRvc2ggSEQAAAAAAAAAAAAAAAAAAADMMS8SSCsAAAAmgHUMV2lsc29uMDYucGRmAAAAAAAAAAAAAAAAAAAAAAAAAAAAAAAAAAAAAAAAAAAAAAAAAAAAAAAAAAAAAAAAAAAAACaGAcd+LegAAAAAAAAAAAADAAMAAAkgAAAAAAAAAAAAAAAAAAAACGRhdGFiYXNlABAACAAAzDES8gAAABEACAAAx34f2AAAAAEAFAAmgHUAJoAzAAaQswAF1yQAAg35AAIAP01hY2ludG9zaCBIRDpVc2VyczoAaG1nOgBlY29uOgBobWctcmVmczoAZGF0YWJhc2U6AFdpbHNvbjA2LnBkZgAADgAaAAwAVwBpAGwAcwBvAG4AMAA2AC4AcABkAGYADwAaAAwATQBhAGMAaQBuAHQAbwBzAGgAIABIAEQAEgAtVXNlcnMvaG1nL2Vjb24vaG1nLXJlZnMvZGF0YWJhc2UvV2lsc29uMDYucGRmAAATAAEvAAAVAAIACv//AACABtIbHB0eWiRjbGFzc25hbWVYJGNsYXNzZXNdTlNNdXRhYmxlRGF0YaMdHyBWTlNEYXRhWE5TT2JqZWN00hscIiNcTlNEaWN0aW9uYXJ5oiIgXxAPTlNLZXllZEFyY2hpdmVy0SYnVHJvb3SAAQAIABEAGgAjAC0AMgA3AEAARgBNAFUAYABnAGoAbABuAHEAcwB1AHcAhACOALgAvQDFAl0CXwJkAm8CeAKGAooCkQKaAp8CrAKvAsECxALJAAAAAAAAAgEAAAAAAAAAKAAAAAAAAAAAAAAAAAAAAss=}}

@unpublished{WilsonEtAl12,
	Author = {Gregory V. Wilson and D. A. Aruliah and C. Titus Brown and Neil P. Chue Hong and Matt Davis and Richard T. Guy and Steven H. D. Haddock and Katy Huff and Ian Mitchell and Mark Plumbley and Ben Waugh and Ethan P. White and Paul Wilson},
	Date-Added = {2013-04-04 21:45:47 +0000},
	Date-Modified = {2013-04-05 14:30:31 +0000},
	Month = {November},
	Note = {Available at \url{http://arxiv.org/abs/1210.0530}},
	Title = {Best Practices for Scientific Computing},
	Year = {2012},
	Bdsk-File-1 = {YnBsaXN0MDDUAQIDBAUGJCVYJHZlcnNpb25YJG9iamVjdHNZJGFyY2hpdmVyVCR0b3ASAAGGoKgHCBMUFRYaIVUkbnVsbNMJCgsMDxJXTlMua2V5c1pOUy5vYmplY3RzViRjbGFzc6INDoACgAOiEBGABIAFgAdccmVsYXRpdmVQYXRoWWFsaWFzRGF0YV8QLC4uLy4uLy4uL2htZy1yZWZzL2RhdGFiYXNlL1dpbHNvbkV0QWwxMkEucGRm0hcLGBlXTlMuZGF0YU8RAaYAAAAAAaYAAgAADE1hY2ludG9zaCBIRAAAAAAAAAAAAAAAAAAAAMwxLxJIKwAAACaAdRFXaWxzb25FdEFsMTJBLnBkZgAAAAAAAAAAAAAAAAAAAAAAAAAAAAAAAAAAAAAAAAAAAAAAAAAAAAAAAAAAAAAAYVk0zYPA1AAAAAAAAAAAAAMAAwAACSAAAAAAAAAAAAAAAAAAAAAIZGF0YWJhc2UAEAAIAADMMRLyAAAAEQAIAADNg6S0AAAAAQAUACaAdQAmgDMABpCzAAXXJAACDfkAAgBETWFjaW50b3NoIEhEOlVzZXJzOgBobWc6AGVjb246AGhtZy1yZWZzOgBkYXRhYmFzZToAV2lsc29uRXRBbDEyQS5wZGYADgAkABEAVwBpAGwAcwBvAG4ARQB0AEEAbAAxADIAQQAuAHAAZABmAA8AGgAMAE0AYQBjAGkAbgB0AG8AcwBoACAASABEABIAMlVzZXJzL2htZy9lY29uL2htZy1yZWZzL2RhdGFiYXNlL1dpbHNvbkV0QWwxMkEucGRmABMAAS8AABUAAgAK//8AAIAG0hscHR5aJGNsYXNzbmFtZVgkY2xhc3Nlc11OU011dGFibGVEYXRhox0fIFZOU0RhdGFYTlNPYmplY3TSGxwiI1xOU0RpY3Rpb25hcnmiIiBfEA9OU0tleWVkQXJjaGl2ZXLRJidUcm9vdIABAAgAEQAaACMALQAyADcAQABGAE0AVQBgAGcAagBsAG4AcQBzAHUAdwCEAI4AvQDCAMoCdAJ2AnsChgKPAp0CoQKoArECtgLDAsYC2ALbAuAAAAAAAAACAQAAAAAAAAAoAAAAAAAAAAAAAAAAAAAC4g==}}

@unpublished{WSJ05,
	Author = {{Wall Street Journal}},
	Date-Added = {2009-11-27 17:34:42 +0100},
	Date-Modified = {2013-12-08 16:14:10 +0000},
	Month = {{24 October}},
	Note = {{Available at http://gsppi.berkeley.edu/faculty/jrothstein/hoxby/wsj.pdf}},
	Title = {Novel Way to Assess School Competition Stirs Academic Row},
	Year = {2005},
	Bdsk-File-1 = {YnBsaXN0MDDUAQIDBAUGJCVYJHZlcnNpb25YJG9iamVjdHNZJGFyY2hpdmVyVCR0b3ASAAGGoKgHCBMUFRYaIVUkbnVsbNMJCgsMDxJXTlMua2V5c1pOUy5vYmplY3RzViRjbGFzc6INDoACgAOiEBGABIAFgAdccmVsYXRpdmVQYXRoWWFsaWFzRGF0YV8QJC4uLy4uLy4uL2htZy1yZWZzL2RhdGFiYXNlL1dTSjA1LnBkZtIXCxgZV05TLmRhdGFPEQGGAAAAAAGGAAIAAAxNYWNpbnRvc2ggSEQAAAAAAAAAAAAAAAAAAADMMS8SSCsAAAAmgHUJV1NKMDUucGRmAAAAAAAAAAAAAAAAAAAAAAAAAAAAAAAAAAAAAAAAAAAAAAAAAAAAAAAAAAAAAAAAAAAAAAAAACaAnMfhQloAAAAAAAAAAAADAAMAAAkgAAAAAAAAAAAAAAAAAAAACGRhdGFiYXNlABAACAAAzDES8gAAABEACAAAx+EmOgAAAAEAFAAmgHUAJoAzAAaQswAF1yQAAg35AAIAPE1hY2ludG9zaCBIRDpVc2VyczoAaG1nOgBlY29uOgBobWctcmVmczoAZGF0YWJhc2U6AFdTSjA1LnBkZgAOABQACQBXAFMASgAwADUALgBwAGQAZgAPABoADABNAGEAYwBpAG4AdABvAHMAaAAgAEgARAASACpVc2Vycy9obWcvZWNvbi9obWctcmVmcy9kYXRhYmFzZS9XU0owNS5wZGYAEwABLwAAFQACAAr//wAAgAbSGxwdHlokY2xhc3NuYW1lWCRjbGFzc2VzXU5TTXV0YWJsZURhdGGjHR8gVk5TRGF0YVhOU09iamVjdNIbHCIjXE5TRGljdGlvbmFyeaIiIF8QD05TS2V5ZWRBcmNoaXZlctEmJ1Ryb290gAEACAARABoAIwAtADIANwBAAEYATQBVAGAAZwBqAGwAbgBxAHMAdQB3AIQAjgC1ALoAwgJMAk4CUwJeAmcCdQJ5AoACiQKOApsCngKwArMCuAAAAAAAAAIBAAAAAAAAACgAAAAAAAAAAAAAAAAAAAK6}}

@article{YaleRoundtable10,
	Author = {{Yale Law School Roundtable on Data and Code Sharing}},
	Date-Added = {2010-10-28 11:17:54 +0200},
	Date-Modified = {2010-10-28 11:20:02 +0200},
	Journal = {Computing in Science and Engineering},
	Month = {September/October},
	Number = {5},
	Pages = {8-13},
	Title = {Reproducible Research: Addressing the Need for Data and Code Sharing in Computational Science},
	Volume = {12},
	Year = {2010},
	Bdsk-File-1 = {YnBsaXN0MDDUAQIDBAUGJCVYJHZlcnNpb25YJG9iamVjdHNZJGFyY2hpdmVyVCR0b3ASAAGGoKgHCBMUFRYaIVUkbnVsbNMJCgsMDxJXTlMua2V5c1pOUy5vYmplY3RzViRjbGFzc6INDoACgAOiEBGABIAFgAdccmVsYXRpdmVQYXRoWWFsaWFzRGF0YV8QLy4uLy4uLy4uL2htZy1yZWZzL2RhdGFiYXNlL1lhbGVSb3VuZHRhYmxlMTAucGRm0hcLGBlXTlMuZGF0YU8RAbQAAAAAAbQAAgAADE1hY2ludG9zaCBIRAAAAAAAAAAAAAAAAAAAAMwxLxJIKwAAACaAdRRZYWxlUm91bmR0YWJsZTEwLnBkZgAAAAAAAAAAAAAAAAAAAAAAAAAAAAAAAAAAAAAAAAAAAAAAAAAAAAAAAAAAJogIyO8NJQAAAAAAAAAAAAMAAwAACSAAAAAAAAAAAAAAAAAAAAAIZGF0YWJhc2UAEAAIAADMMRLyAAAAEQAIAADI7vEFAAAAAQAUACaAdQAmgDMABpCzAAXXJAACDfkAAgBHTWFjaW50b3NoIEhEOlVzZXJzOgBobWc6AGVjb246AGhtZy1yZWZzOgBkYXRhYmFzZToAWWFsZVJvdW5kdGFibGUxMC5wZGYAAA4AKgAUAFkAYQBsAGUAUgBvAHUAbgBkAHQAYQBiAGwAZQAxADAALgBwAGQAZgAPABoADABNAGEAYwBpAG4AdABvAHMAaAAgAEgARAASADVVc2Vycy9obWcvZWNvbi9obWctcmVmcy9kYXRhYmFzZS9ZYWxlUm91bmR0YWJsZTEwLnBkZgAAEwABLwAAFQACAAr//wAAgAbSGxwdHlokY2xhc3NuYW1lWCRjbGFzc2VzXU5TTXV0YWJsZURhdGGjHR8gVk5TRGF0YVhOU09iamVjdNIbHCIjXE5TRGljdGlvbmFyeaIiIF8QD05TS2V5ZWRBcmNoaXZlctEmJ1Ryb290gAEACAARABoAIwAtADIANwBAAEYATQBVAGAAZwBqAGwAbgBxAHMAdQB3AIQAjgDAAMUAzQKFAocCjAKXAqACrgKyArkCwgLHAtQC1wLpAuwC8QAAAAAAAAIBAAAAAAAAACgAAAAAAAAAAAAAAAAAAALz}}

@comment{BibDesk Static Groups{
<?xml version="1.0" encoding="UTF-8"?>
<!DOCTYPE plist PUBLIC "-//Apple//DTD PLIST 1.0//EN" "http://www.apple.com/DTDs/PropertyList-1.0.dtd">
<plist version="1.0">
<array>
	<dict>
		<key>group name</key>
		<string>Beliefs &amp; Portfolio Choice</string>
		<key>keys</key>
		<string>FryerHarmsJackson13,EysterPiccione13,Simsek13,BruineEtAl10,KleinjansSoest13,GachterRenner10,OsterShoulsonDorsey13,HossainOkui13,BeshearsEtAl13,WaltColbertVaroquaux11,GreenwoodShleifer13,BresserSoest13,Xiong13,MasatliogluOk13,KezdiWillis11,HurdRooijWinter11,BarberisEtAl13,Peijnenburg11,Delavande08,PalfreyWang09</string>
	</dict>
	<dict>
		<key>group name</key>
		<string>Birth Weight Production</string>
		<key>keys</key>
		<string>RosenzweigSchultz83,Ruhm00,LiPoirier03jectrx,AlmondChayLee05,FajnzylberHotzSanders10,EvansLien05,ButlerWilsonJohnson11,BehrmanRosenzweig04,GrossmanJoyce90,HotzMullinSanders97,KoganEtAl98,AlmondEdlundPalme09,KoganEtAl98letter,CunhaEloCulhane13,Jewell07,CormanJoyceGrossman87,BarrecaEtAl10,MisraGuyer98,RosenzweigWolpin00,DomeijKlein13,BaiNg13,RosenzweigSchultz88,ChayGreenstone03,Joyce94,AlmondEtAl10,RosenzweigWolpin95,RousJewellBrown04,Wolpin97,HotzMcElroySanders05,LiPoirier03jpopecon,KeaneWolpin10,JoyceGrossman90</string>
	</dict>
	<dict>
		<key>group name</key>
		<string>Business Cycles &amp; Retirement</string>
		<key>keys</key>
		<string>LarsenPedersen08,DattaLarsen07,Hendricks07,SchmiederWachterBender12,WachterSongManchester09displacement,CoileGruber07,DavisFabermanHaltiwanger06,CavalcantiAbreu07,FerrallSalvanesSorensen09,HakolaUusitalo01,AhituvZeira10,BingleyLanot04,HyattMcEntarfer12,Bloom09,KlaauwWolpin08,Feldstein76,DiazDiaz09,BentolilaBertola90,CarneiroPortugal06,McLaughlin91,McKinneyVilhuber06,NilsenSalvanesSchiantarelli07,StaubliZweimuller13,AubertCaroliRoger06,Aguirregabiria10,PostelTuron06,AbbringBergOurs01,GustmanSteinmeierTabatabai10,BlundellBond00,BlundellMaCurdy99,IlmakunnasIlmakunnas11,CouchPlaczek10,Krebs07,Parsons13,BailyBartelsmanHaltiwanger01,HeijdraRomp09,Topel84,CooperWillis09,HuttunenMoenSalvanes10,DugganSingletonSong07,BuhaiEtAl09,RegeTelleVotruba09,MoscariniPostel09,SullivanWachter09displace,Pencavel01,OorschotJensen09,CharlesDecicca07,Hallberg11,BingleyLanot07,BenitezDwyer05,DavisHaltiwanger99,GustmanSteinmeierTabatabai11,ElsbyMichaelsSolon09,DavisFabermanHaltiwanger12,CoileLevine11,JacobsonLaLondeSullivan93,BingleyDattaPedersen11,HernaesSollieStrom00,AguirregabiriaAlonso09,BhattacharyaMulliganReed04,BlauGoodstein10,HakolaUusitalo05,Feldstein78,OursStoeldraijer10,CahucPostelRobin06,GorodnichenkoSongStolyarov13,JohnstonLee09,Greve04,BenderEtAl02,IchinoEtAl08,BondReenen07,StiglitzYun05,Bayer09,VarejaoPortugal07,MaestasLi06,Topel83,BingleyCappellariWestergard13,StockWise90,KriechelPfann11,BlauShvydko11,AguirregabiriaMira10,Roys09,Wachter07,SchilsFouarge09,RustPhelan97,Rothe12,BuchinskyEtAl10,CoileLevine07,HuberLechnerWunsch13,BlackDanielSanders02,BuhaiTeulings08,LowMeghirPistaferri10,DavisFabermanHaltiwanger13,Casanova09,CoileLevine11be,GodaShovenSlavov11,MollerEjrnaesHusted05,LazearSpletzer12,DisneyEmmersonWakefield06,Hutchens99,Vestad13,ChristianoTrabandtWalentin10,MoscariniPostel12,Pfann06,GustmanSteinmeier09,ArtucChaudhuriMcLaren10,WachterWeberHildreth09</string>
	</dict>
	<dict>
		<key>group name</key>
		<string>Causality / Modelling</string>
		<key>keys</key>
		<string>Pearl13hpdiscussion,BullockGreenHa10,Chetty09,HenryMourifie13,HaultfoeuilleMaurel13,Acemoglu10,ImbensWooldridge09,KahnemanKlein09,Sims07,ImaiKingStuart08,HeckmanPinto13,HeckmanPinto13mediation,BrowningCarro14,Keane10struc_vs_atheor,Rosenzweig10,ImbensLemieux08,Xie11,Hoover03,CardDellaVignaMalmendier11,Robins03,Manski10,Sims10,Blundell10,Gelman11review,Hoover09,Simon53,Bausell07,Kiviet13,GolsteynGronqvistLindahl13,Manski13,Rust10,Geweke03,CarneiroPortugal06,Hoover11,Cartwright04,Keane10struct_persp_experim,BanksBlundellLewbel97,GautierKitamura13,AddaChandolaMarmot03,CartwrightMunro10,LudwigKlingMullainathan11,Heckman00,KimPetrin11,Holland86,Pearl09,Heckman03,HausmanWoodward99,BollenBauldry11,ConleyTaber10,Hausman03,Deaton10jep,Leamer10,Frolich11,BlundellKristensenMatzkin13,Berk10,Hoover04,Stock10,Deaton10jel,AdamsEtAl03response,EinavLevin10,BrowningEjrnaesAlvarez10,MealliRubin03,BlundellEtAl04,Freedman04,Hendren13,BanerjeeDuflo10,AronEinavFinkelstein13,KlevenWaseem13,AngristPischke10,Cartwright05,BonjourEtAl03,Heckman05,Granger03,Leamer09,MorckYeung11,Klemens13,Pearl13haavelmo,NevoWhinston10,AguirregabiriaMira10,Black10,ChesherRosen13,Rothe12,Amin11,Newey13,LauritzenRichardson02,Hoover08,ChernozhukovFernandezMelly13,BernalKeane10,AdamsEtAl03,StowasserEtAl11,Klemens08,Florens03,GelmanImbens13,Cartwright07counterfactuals,DufloDupasKremer11,RothschildScheuer13,Cartwright07rct,Poterba03,BelloniChernozhukovHansen14,Heckman08causality</string>
	</dict>
	<dict>
		<key>group name</key>
		<string>Child Development</string>
		<key>keys</key>
		<string>MocanAltindag12,Heckman12,BharadwajLokenNeilson13,HeckmanRaut13,AlmondCurrie11,BergModin13,HeckmanKautz13,AizerCunha12,Madsen12,FioriniKeane11,ContiEtAl12,DuncanMagnuson13,AbingtonBlankenau13,DuncanSojourner12,HeckmanPintoSavelyev13,DomeijKlein13,HotzXiao11,HeckmanPinto13mediation,DoyleEtAl13,DahlLochner12,HoynesMillerSimon12,BaggerEtAl13</string>
	</dict>
	<dict>
		<key>group name</key>
		<string>Code</string>
		<key>keys</key>
		<string>Cook10invert,Pakin09,Wilson05,PSF11Tutorial,Wilson10float,Marshall97,Wilson06,BilinaLawford13,KellySanders08,CollinsFitzpatrickPilato11,Kelly07,Wilson08,Knight10,YaleRoundtable10,KoenkerZeileis09,Oreopoulos08,CaiEtAl13grid,Dubois05,KopkaDaly04,PressEtAl02,FomelHennenfent07,Verfaille08,FosterHart09,Lutz06,McCauleyGoldberg95,FreemanPryce10,ThorupJensenRowley07,TantauWrightMiletic11,LehmanEtAl13,StallmanEtAl04,Langtangen08,HeijdenEtAl06,PachecoMing97,Daly09,Matthes11graph,Oreopoulos06,Tilmann07,Nagy17,Doar05,Carlisle95,Madsen06,Carlisle04,Peterson07,Zandt98,Goldberg91,Langtangen09,CampbellEtAl09,Lutz07,Loong07,WikibooksContributors08,EuroScipyTutorialTeam11,Downes02,Oliphant06,BWGRiD07,Arbuckle10,Friedl06,McGuire08,Fear05,Karwin10,Segal08,KellyHookSanders09,Scharrer09,GalassiEtAl08,RahtzOberdiek10,Sims07,Tosi09,Brandl10,Carlisle99,Henningsen07</string>
	</dict>
	<dict>
		<key>group name</key>
		<string>Computational</string>
		<key>keys</key>
		<string>HaanKemptnerUhlendorff12,Ferrall05,ImaiJainChing09,CaiEtAl13grid</string>
	</dict>
	<dict>
		<key>group name</key>
		<string>Data Docu</string>
		<key>keys</key>
		<string>Bunzel08,SCB09lisa,OfstedalFisherHerzog05,StClairEtAl10</string>
	</dict>
	<dict>
		<key>group name</key>
		<string>Didactics</string>
		<key>keys</key>
		<string>BiggsTang11</string>
	</dict>
	<dict>
		<key>group name</key>
		<string>DRG reporting</string>
		<key>keys</key>
		<string>FrankObloj10,KimBlack11,KelmanFriedman09,Zitzewitz12,HouserVetterWinter12,SilvermanSkinner04,CourtyMarschke08PerfMeas,JacobLevitt03,Shaw09,JensenStonecash05,GibsonTannerWagner13,SuriGoldsteinMason11,GruberOwings96,FischbacherFollmi13</string>
	</dict>
	<dict>
		<key>group name</key>
		<string>Dynamic Programming</string>
		<key>keys</key>
		<string>MaliarMaliar13,GallipoliNesheim13,CaiEtAl13nonlinear,JuddEtAl13,Aldrich13,HamReilly13,Fella13</string>
	</dict>
	<dict>
		<key>group name</key>
		<string>Educ-Careers-Fertility</string>
		<key>keys</key>
		<string>Milligan05,Gonzalez13,FitzenbergerSommerfeldSteffes13,BocaSauer09,HeckmanRaut13,GalassoProfetaPronzato13,CyganMaeder13,Raute13,LaroqueSalanie13,GathmannSchonberg10,SpitzOener06,DohmenFalk11,ImaiJainChing09,DuncanMagnuson13,HaanKemptnerUhlendorff12,DomeijKlein13,DahlEtAl13,BocaFlinnWiswall13,BowlusLiu13,BocaFlinn13,Papageorgiou14,LaliveEtAl13,BaggerEtAl13,AddaEtAl13,Knowles13</string>
	</dict>
	<dict>
		<key>group name</key>
		<string>Effective Programming</string>
		<key>keys</key>
		<string>BehnelEtAl11,CardDellaVigna13,WilsonEtAl12,Dalcin13,WilsonAranda11,CaiEtAl13grid,Hamermesh13,JinEtAl13,BehnelBradshawSeljebotn09</string>
	</dict>
	<dict>
		<key>group name</key>
		<string>ERC-Ideas</string>
		<key>keys</key>
		<string>GreenwoodShleifer13,BenhabibDave13,Zafar11,Sautmann13,MalmendierNagel11,BranchEvans11,BhamraUppal13,LudwigZimper14,MasatliogluOk13,Wiederholt12,DicksteinMorales13,GiulianoSpilimbergo13</string>
	</dict>
	<dict>
		<key>group name</key>
		<string>Fairness</string>
		<key>keys</key>
		<string>Deaton11,Fleurbaey10,Heckman11,BradfordDolan10,LevyNir12</string>
	</dict>
	<dict>
		<key>group name</key>
		<string>Fortschrittskolleg</string>
		<key>keys</key>
		<string>ODonnellDoorslaerOurti13</string>
	</dict>
	<dict>
		<key>group name</key>
		<string>Health Econ BSc</string>
		<key>keys</key>
		<string>StabileThomson13,HandelKolstad13,DattaDave13,StataCorp13,Costa13,GaynorMorenoPropper13,ClarkRoyer13,RomleySood13,CostaCowell13,Schmitz13,AronEinavFinkelstein13</string>
	</dict>
	<dict>
		<key>group name</key>
		<string>Household Finance</string>
		<key>keys</key>
		<string>AngrisaniCasanova10,McKay13,RampiniViswanathan12,CooperZhu13,GreenwoodShleifer13,BarberisHuang01,LusardiMitchell13,Telyukova13</string>
	</dict>
	<dict>
		<key>group name</key>
		<string>Income Processes</string>
		<key>keys</key>
		<string>KleinTelyukova13,BlundellPistaferriPreston08,MeghirPistaferri04,LiseMeghirRobin13,BlundellPreston98,BlundellPistaferri03,BrowningEjrnaesAlvarez10,BowlusLiu13,MeghirPistaferri11,LowMeghirPistaferri10,GuvenenSmith10,AltonjiSmithVidangos13,Guvenen07,FuchsKruegerSommer10,GuvenenKuruscuOzkan14</string>
	</dict>
	<dict>
		<key>group name</key>
		<string>Interesting</string>
		<key>keys</key>
		<string>ArcidiaconoHotzKang12,ThomaEtAl10,BrowningCarro14,Karni09,Hendren13,DohmenEtAl10prefcogn,MeyerSullivan13,GalamaKippersluis10,BollenBauldry11,CanaySantosShaikh13,Kohn10,BarseghyanEtAl10,McKay13,Kapteyn10,GuvenenSmith10,HopkinsKornienko10,SmithWest12,MianRaoSufi13,FleurbaeySchokkaertDecancq09,PaluchKneipHildenbrand11,Abbring10,GautierKitamura13,CarneiroLee11,Madsen12,Zafar11,Heckman11,Manski10,Caballero10,CreelKristensen12,DeCiccaSmith11,Abbring12,Barberis13,Lucas98,ScholzSeshadri10,BullockGreenHa10,Heckman12,KrusellMukoyamaSahin10,ConleyRauscher10,LevyNir12,AguirreDominguez13,Manski13,BanksOldfieldSmith11,AndrewsLogan10,BrowningEjrnaesAlvarez10,Gelbach10,ArellanoHansenSentana12,StowasserEtAl11,Little13,Johnson10,BajariEtAl11,EinavFinkelsteinLevin10,Robin11,Chetty12,HamOzbeklikShore10,HarrisLaibson13,Rabin13,HongMahajanNekipelov10,TrivediMolooMor10,AsparouhovaEtAl13,JappelliPistaferri10,GortonMetrick12,MorckYeung11,ArellanoBonhomme12,PolissonQuah13,DekelLipman10,PikettySaez12,Bommier13,JuddMaliarMaliar12,FortinLemieuxFirpo10,BlundellShephard12,PhilipponReshef12,Kowalski10,DominicyVeredas13,AndersenEtAl06,AtkinsonPikettySaez11,FoxGandhi11,SchorfheideWolpin12,Crawford10,AndersonMarmot12,AronEinavFinkelstein13,CowellFiorio09,ElliottLieli13,Cochrane11,JustJust11,Atkinson12,Heckman11integrating,ArcidiaconoEtAl10,MatthewsGallo11,Kiviet13,MasatliogluOk13,HaultfoeuilleMaurel13,Sims07,Milligan12,PantanoZheng10,SherEtAl11,Gabaix11,BjorklundSalvanes10,BenhabibBisinZhu10,Gabaix12,AlanBrowning10,BradfordDolan10,BoerschSupanJuerges11,KeaneRogerson11,DurlaufFuNavarro12,Bonhomme12,KarlanEtAl10,Epstein10,KoijenNieuwerburghYogo11,EcksteinLifshitz11,BernheimBjorkegrenNaecker13,MeltzerChung10,ColeKimKrueger12,BehaghelBlau12,ArcidiaconoMiller11,ImbensKolesar12,FoxEtAl12ident,BorghansEtAl11,Uhlig10,Li10,FlorensSimon10,FrenchSong09,PavoniSettyViolante13,HarbaughKrauseVesterlund10,Chiteji10,HenryMourifie13,Galama11,LangeMcKee10,EpsteinFarhiStrzalecki13,Telyukova13,KahnemanKlein09,KimPetrin11,Guvenen07,KlevenWaseem13,FrandsenFrolichMelly12,Varian13,AttanasioHurstPistaferri12,Muller13</string>
	</dict>
	<dict>
		<key>group name</key>
		<string>Labour Supply</string>
		<key>keys</key>
		<string>HamReilly13,BowlusLiu13</string>
	</dict>
	<dict>
		<key>group name</key>
		<string>Measurement</string>
		<key>keys</key>
		<string>IamsPurcell13,Edwards13,KreinerLassenLeth-Petersen13,CrossleyWinter13</string>
	</dict>
	<dict>
		<key>group name</key>
		<string>Microeconometrics</string>
		<key>keys</key>
		<string>Sims07,Muller13,FernandezLee13,Sheppard13,ElliottLieli13,ArcidiaconoHotzKang12,KristensenShin12,Wooldridge10,GourierouxMonfort97,McKinney12,Little13,AngristPischke09</string>
	</dict>
	<dict>
		<key>group name</key>
		<string>Nonparametric Analysis Exp</string>
		<key>keys</key>
		<string>ChoiEtAl07aeapp,ChoiEtAl14,ChoiEtAl07,GaudeckerSoestWengstrom11prefhet,GaudeckerSoestWengstrom12experts</string>
	</dict>
	<dict>
		<key>group name</key>
		<string>PF-Diversification</string>
		<key>keys</key>
		<string>Collins12,HungYoong10,AlessieHochguertelSoest02,LusardiMitchell07alp,RooijLusardiAlessie11,KorniotisKumar11,PohlmeierUlrich95,HackethalHaliassosJappelli12,Lusardi10,CalvetCampbellSodini07,ChristelisJappelliPadula10,KorniotisKumar13,GrinblattKeloharjuLinnainmaa11,KimballShumway10,AlessieHochguertelSoest04,NieuwerburghVeldkamp10,GuisoJappelli09,BiliasGeorgarakosHaliassos09,CalvetCampbellSodini09sophist,CunhaHeckmanSchennach10,GoetzmannKumar08,GrinblattKeloharjuLinnainmaa12,SmithMcArdleWillis10,TangEtAl10,AgarwalMazumder13,MullainathanNoethSchoar12,AlessieHochguertelSoest06,Roussanov10,GrahamHarveyHuang09,InderstOttaviani09,HungParkerYoong09,InderstOttaviani12jel,ChoiLaibsonMadrian10,DimmockKouwenberg10,Kramer12,CampbellEtAl11</string>
	</dict>
	<dict>
		<key>group name</key>
		<string>Portfolio Diversification</string>
		<key>keys</key>
		<string>HilgertHogarthBeverly03,DieckmannSlovicPeters09,SmithMcArdleWillis10,AmeriksZeldes04,LusardiMitchell07alp,GrinblattKeloharjuLinnainmaa11,BarberOdean01,MankiwZeldes91,Collins12,BenzoniCollinGoldstein07,DimmockKouwenberg10,GrinblattKeloharjuLinnainmaa12,InderstOttaviani09,PaliaQiWu09,BernheimGarrett03,BergstresserChalmersTufano09,CarlinRobinson10,Lusardi10,BayerBernheimScholz09,BergstresserPoterba04,HastingsMitchell11,InderstOttaviani12jel,LusardiMichaudMitchell13,Lusardi12,ChristelisJappelliPadula10,RooijLusardiAlessie11,CalvetSodini10,AlessieHochguertelSoest02,KorniotisKumar13,BucherZiegelmeyer11,LusardiMitchell07jme,ColeShastry09,CalvetCampbellSodini07,CalvetCampbellSodini09rebalance,HurdRooijWinter11,GrahamHarveyHuang09,Kramer12,LusardiTufano09,KimballShumway10,BiliasGeorgarakosHaliassos10,GoetzmannKumar08,BarberOdean00,HungParkerYoong09,NieuwerburghVeldkamp10,BiliasGeorgarakosHaliassos09,PohlmeierUlrich95,Roussanov10,CampbellEtAl10,InderstOttaviani12,IvkovicSialmWeisbenner08,GerardiGoetteMeier10,CampbellEtAl11,AgarwalEtAl09,AlessieHochguertelSoest04,HungYoong10,DohmenEtAl10prefcogn,ChristelisGeorgarakosHaliassos10,ChristelisGeorgarakosHaliassos11,MullainathanNoethSchoar12,GuisoJappelli06,AgarwalMazumder13,GuisoJappelli09,IvkovicPoterbaWeisbenner05,SuvorovTsybuleva10,CalvetCampbellSodini09sophist,Tufano09,HackethalHaliassosJappelli12,RampiniViswanathan12,AndersenNielsen11,GeorgarakosInderst10</string>
	</dict>
	<dict>
		<key>group name</key>
		<string>Preferences and Portfolio Choice</string>
		<key>keys</key>
		<string>SegalSpivak90,DimmockKouwenbergWakker12,BarseghyanEtAl10,HungYoong10,Dillenberger10,Mastrogiacomo10,HurdRooijWinter11,EysterWeizsacker10,EurosystemHouseholdFinanceNetwork09,NoussairTrautmannKuilen13,GouretHollard11,BernheimBjorkegrenNaecker13,MasatliogluOk13,BarseghyanPrinceTeitelbaum11,Guiso09,Ferrall05,FieldingStracca07,ChristelisJappelliPadula10,Jin09,Delavande08,Gabaix11,Li10,AttanasioPaiella11,ChabrisEtAl08,Chesher09,EinavEtAl12,KezdiWillis11,CalvetSodini10,DohmenEtAl10prefcogn,BarberisHuang09,HarbaughKrauseVesterlund10,BarberisHuangThaler06,TanakaCamererNguyen10,ButlerGuisoJappelli12,BlassLachManski10,NosicWeber09,GuisoSapienzaZingales13,GennaioliShleifer10,BernheimGarrett03,SutterEtAl10,GrueneSemmler08,Barberis13,AndersenNielsen11,BerryHaile09,BaranSapienzaZingales10,Love13,DimmockKouwenberg10,ChettySzeidl10,JacobsMullerWeber09</string>
	</dict>
	<dict>
		<key>group name</key>
		<string>Retirement Europe</string>
		<key>keys</key>
		<string>Hanel12</string>
	</dict>
	<dict>
		<key>group name</key>
		<string>Skåne Flu</string>
		<key>keys</key>
		<string>KarlssonNilssonPichler12</string>
	</dict>
	<dict>
		<key>group name</key>
		<string>Skåne Gender</string>
		<key>keys</key>
		<string>CurrieStabile03,CaseLubotskyPaxson02,CasePaxson05</string>
	</dict>
	<dict>
		<key>group name</key>
		<string>Skåne Ideas</string>
		<key>keys</key>
		<string>ShenHsia11,Winkelmann04,HamOzbeklikShore10,FangNicholasSilverman10,JayachandranLlerasSmith10,MagnussenVrangbaekSaltman09,MeijerKarolyMichaud10,Mroz10,Ophem11,TrivediMolooMor10,McClellan11,CurrieMacLeod13,JustJust11,SunEtAl10,AskildsenHolmasKaarboe10,PropperReenen10,DoyleEwerWagner10,LindstromEtAl03,CutlerLy11,DaviesFisher09,AizerStroud10,EncinosaBernardDor10,LinnaEtAl10,ChandraJenaSkinner11,ClarkRoyer13,BaickerMullainathanSchwartzstein12,MeghirPalmeSimeonova13,LethRotger09,ThomaEtAl10,MonstadEngesaeterEspehaug13</string>
	</dict>
	<dict>
		<key>group name</key>
		<string>Soc Sec Rules Taxes</string>
		<key>keys</key>
		<string>HubbardSkinnerZeldes95,ShovenSlavov12Base,GruberWise07,ElliottLieli13,ShovenSlavov13,GelberJonesSacks13,ShovenSlavov12ComparativeStatics,NyceEtAl13,GustmanSteinmeier13,NardiFrenchJones13,LaitnerSilverman12,FerreiraSantos13,ChaiEtAl13,IamsPurcell13,GorryOberfield12,HaanProwse13,HubbardSkinnerZeldes94,NeumarkSong13</string>
	</dict>
	<dict>
		<key>group name</key>
		<string>Struct DI</string>
		<key>keys</key>
		<string>KostolMogstad13,IamsPurcell13,GoldmanMaestas13,MaestasMullenStrand13,AguiarHurst13,MeyerMok13,NardiFrenchJones13</string>
	</dict>
	<dict>
		<key>group name</key>
		<string>Struct Ret</string>
		<key>keys</key>
		<string>HubbardSkinnerZeldes94,ShovenSlavov13,KeaneStavrunova11,PoterbaVentiWise13,KruegerMeyer02,BrugemannManovskii10,IamsPurcell13,Milligan12,HaanProwse13,SchorfheideWolpin12,Vidangos09,CoeHaverstick10,Chan13,RustPhelan97,FangKeaneSilverman08,AguiarHurst13,Iskhakov10,GustmanSteinmeierTabatabai11,Maestas10,BehaghelBlau12,Hendricks07,ChettyFinkelstein12,HubbardSkinnerZeldes95,Gruber11,FrenchJones04,KleinTelyukova13,NardiFrenchJones13,BrownLaschever12,BlundellShephard12,BoerschSupanJuerges11,RogersonWallenius13,FrenchJones11,KlaauwWolpin08,GoldmanMaestas13,PoterbaVentiWise12,SmithWest12,GodaShovenSlavov09</string>
	</dict>
	<dict>
		<key>group name</key>
		<string>Struct Ret - Europe</string>
		<key>keys</key>
		<string>HaanProwse13,LaunWallenius13</string>
	</dict>
	<dict>
		<key>group name</key>
		<string>Struct Ret &amp; HI</string>
		<key>keys</key>
		<string>NardiFrenchJones13,HackmannKolstadKowalski13,IamsPurcell13</string>
	</dict>
	<dict>
		<key>group name</key>
		<string>Template-Doc</string>
		<key>keys</key>
		<string>KellyHookSanders09,Langtangen09,Nagy17,Levitt02,CampbellEtAl09,McCullough08,Friedl06,WilsonEtAl12,Wilson05,Segal08,KoenkerZeileis09,KellySanders08,Langtangen08,Schelling69,King95,YaleRoundtable10,WSJ05,Brandl10,McCullough07,Gaudecker14,DewaldThursbyAnderson86,FreemanPryce10,Barr04,LeClere10,Sink11,Levitt97,Gaudecker13,Baiocchi07,McCulloughVinod03,StachurskiSargent13,FomelHennenfent07,Hoxby07,Doar05,Merali10,Rothstein07rejoinder,GaudeckerSoestWengstrom11prefhet,KleiberZeileis10,Barnes10,Rothstein07comment,Loong07,KopkaDaly04,McCullough09,Arbuckle10,Lutz07,Panko98,Wilson06,Hoxby00,InceHattonGraham12,Dubois05,Koepke11,McCrary02,Verfaille08</string>
	</dict>
	<dict>
		<key>group name</key>
		<string>Use/Benefits Medical Care</string>
		<key>keys</key>
		<string>ClarkRoyer13,KaestnerSasso12</string>
	</dict>
</array>
</plist>
}}

@comment{BibDesk Smart Groups{
<?xml version="1.0" encoding="UTF-8"?>
<!DOCTYPE plist PUBLIC "-//Apple//DTD PLIST 1.0//EN" "http://www.apple.com/DTDs/PropertyList-1.0.dtd">
<plist version="1.0">
<array>
	<dict>
		<key>conditions</key>
		<array>
			<dict>
				<key>comparison</key>
				<integer>2</integer>
				<key>key</key>
				<string>Author</string>
				<key>value</key>
				<string>Hans-Martin von Gaudecker</string>
				<key>version</key>
				<string>1</string>
			</dict>
		</array>
		<key>conjunction</key>
		<integer>0</integer>
		<key>group name</key>
		<string>Own stuff</string>
	</dict>
</array>
</plist>
}}
