% Encoding: UTF-8

@article{AcemogluJohnsonRobinson2001,
  title = {The {{Colonial Origins}} of {{Comparative Development}}: {{An Empirical Investigation}}},
  volume = {91},
  number = {5},
  journal = {American Economic Review},
  author = {Acemoglu, Daron and Johnson, Simon and Robinson, James A.},
  month = dec,
  year = {2001},
  pages = {1369-1401}
}

@article{Albouy2012,
  title = {The {{Colonial Origins}} of {{Comparative Development}}: {{An Investigation}} of the {{Settler Mortality Data}}},
  volume = {102},
  number = {6},
  journal = {American Economic Review},
  author = {Albouy, David Y.},
  year = {2012},
  pages = {3059-3076}
}

@Book{Arbuckle2010,
  title =         {Python Testing: Beginner's Guide},
  publisher =     {Packt Publishing},
  year =          {2010},
  author =        {Daniel Arbuckle},
  address =       {Birmingham, UK},
  __markedentry = {[Radost:6]},
  date-added =    {2010-04-08 15:45:38 +0200},
  date-modified = {2010-04-08 15:48:55 +0200}
}

@Article{Baiocchi2007,
  author =        {Baiocchi, Giovanni},
  title =         {Reproducible research in computational economics: guidelines, integrated approaches, and open source software},
  journal =       {Computational Economics},
  year =          {2007},
  volume =        {30},
  number =        {1},
  pages =         {19-40},
  month =         {August},
  __markedentry = {[Radost:6]},
  bdsk-file-1 =   {YnBsaXN0MDDUAQIDBAUGJCVYJHZlcnNpb25YJG9iamVjdHNZJGFyY2hpdmVyVCR0b3ASAAGGoKgHCBMUFRYaIVUkbnVsbNMJCgsMDxJXTlMua2V5c1pOUy5vYmplY3RzViRjbGFzc6INDoACgAOiEBGABIAFgAdccmVsYXRpdmVQYXRoWWFsaWFzRGF0YV8QKS4uLy4uLy4uL2htZy1yZWZzL2RhdGFiYXNlL0JhaW9jY2hpMDcucGRm0hcLGBlXTlMuZGF0YU8RAZwAAAAAAZwAAgAADE1hY2ludG9zaCBIRAAAAAAAAAAAAAAAAAAAAMwxLxJIKwAAACaAdQ5CYWlvY2NoaTA3LnBkZgAAAAAAAAAAAAAAAAAAAAAAAAAAAAAAAAAAAAAAAAAAAAAAAAAAAAAAAAAAAAAAAAAAJoCax0GUtQAAAAAAAAAAAAMAAwAACSAAAAAAAAAAAAAAAAAAAAAIZGF0YWJhc2UAEAAIAADMMRLyAAAAEQAIAADHQYalAAAAAQAUACaAdQAmgDMABpCzAAXXJAACDfkAAgBBTWFjaW50b3NoIEhEOlVzZXJzOgBobWc6AGVjb246AGhtZy1yZWZzOgBkYXRhYmFzZToAQmFpb2NjaGkwNy5wZGYAAA4AHgAOAEIAYQBpAG8AYwBjAGgAaQAwADcALgBwAGQAZgAPABoADABNAGEAYwBpAG4AdABvAHMAaAAgAEgARAASAC9Vc2Vycy9obWcvZWNvbi9obWctcmVmcy9kYXRhYmFzZS9CYWlvY2NoaTA3LnBkZgAAEwABLwAAFQACAAr//wAAgAbSGxwdHlokY2xhc3NuYW1lWCRjbGFzc2VzXU5TTXV0YWJsZURhdGGjHR8gVk5TRGF0YVhOU09iamVjdNIbHCIjXE5TRGljdGlvbmFyeaIiIF8QD05TS2V5ZWRBcmNoaXZlctEmJ1Ryb290gAEACAARABoAIwAtADIANwBAAEYATQBVAGAAZwBqAGwAbgBxAHMAdQB3AIQAjgC6AL8AxwJnAmkCbgJ5AoICkAKUApsCpAKpArYCuQLLAs4C0wAAAAAAAAIBAAAAAAAAACgAAAAAAAAAAAAAAAAAAALV},
  date-added =    {2009-11-27 17:58:37 +0100},
  date-modified = {2009-11-27 17:58:54 +0100}
}

@Article{Barnes2010,
  author =        {Nick Barnes},
  title =         {Publish Your Computer Code: It is Good Enough},
  journal =       {Nature},
  year =          {2010},
  volume =        {467},
  pages =         {753},
  month =         {October},
  __markedentry = {[Radost:6]},
  bdsk-file-1 =   {YnBsaXN0MDDUAQIDBAUGJCVYJHZlcnNpb25YJG9iamVjdHNZJGFyY2hpdmVyVCR0b3ASAAGGoKgHCBMUFRYaIVUkbnVsbNMJCgsMDxJXTlMua2V5c1pOUy5vYmplY3RzViRjbGFzc6INDoACgAOiEBGABIAFgAdccmVsYXRpdmVQYXRoWWFsaWFzRGF0YV8QJy4uLy4uLy4uL2htZy1yZWZzL2RhdGFiYXNlL0Jhcm5lczEwLnBkZtIXCxgZV05TLmRhdGFPEQGUAAAAAAGUAAIAAAxNYWNpbnRvc2ggSEQAAAAAAAAAAAAAAAAAAADMMS8SSCsAAAAmgHUMQmFybmVzMTAucGRmAAAAAAAAAAAAAAAAAAAAAAAAAAAAAAAAAAAAAAAAAAAAAAAAAAAAAAAAAAAAAAAAAAAAACaBssjcihgAAAAAAAAAAAADAAMAAAkgAAAAAAAAAAAAAAAAAAAACGRhdGFiYXNlABAACAAAzDES8gAAABEACAAAyNxt+AAAAAEAFAAmgHUAJoAzAAaQswAF1yQAAg35AAIAP01hY2ludG9zaCBIRDpVc2VyczoAaG1nOgBlY29uOgBobWctcmVmczoAZGF0YWJhc2U6AEJhcm5lczEwLnBkZgAADgAaAAwAQgBhAHIAbgBlAHMAMQAwAC4AcABkAGYADwAaAAwATQBhAGMAaQBuAHQAbwBzAGgAIABIAEQAEgAtVXNlcnMvaG1nL2Vjb24vaG1nLXJlZnMvZGF0YWJhc2UvQmFybmVzMTAucGRmAAATAAEvAAAVAAIACv//AACABtIbHB0eWiRjbGFzc25hbWVYJGNsYXNzZXNdTlNNdXRhYmxlRGF0YaMdHyBWTlNEYXRhWE5TT2JqZWN00hscIiNcTlNEaWN0aW9uYXJ5oiIgXxAPTlNLZXllZEFyY2hpdmVy0SYnVHJvb3SAAQAIABEAGgAjAC0AMgA3AEAARgBNAFUAYABnAGoAbABuAHEAcwB1AHcAhACOALgAvQDFAl0CXwJkAm8CeAKGAooCkQKaAp8CrAKvAsECxALJAAAAAAAAAgEAAAAAAAAAKAAAAAAAAAAAAAAAAAAAAss=},
  date-added =    {2010-10-14 10:17:34 +0200},
  date-modified = {2010-10-14 10:18:22 +0200}
}

@Book{Barr2004,
  title =         {Find the Bug. A Book of Incorrect Programs},
  publisher =     {Addison Wesley},
  year =          {2004},
  author =        {Adam Barr},
  __markedentry = {[Radost:6]},
  date-added =    {2010-09-24 09:17:13 +0200},
  date-modified = {2010-09-24 09:17:48 +0200}
}

@Unpublished{Brandl2010,
  author =        {Georg Brandl},
  title =         {Sphinx Documentation},
  note =          {Available at \url{http://sphinx.pocoo.org/}},
  month =         {July},
  year =          {2010},
  __markedentry = {[Radost:6]},
  bdsk-file-1 =   {YnBsaXN0MDDUAQIDBAUGJCVYJHZlcnNpb25YJG9iamVjdHNZJGFyY2hpdmVyVCR0b3ASAAGGoKgHCBMUFRYaIVUkbnVsbNMJCgsMDxJXTlMua2V5c1pOUy5vYmplY3RzViRjbGFzc6INDoACgAOiEBGABIAFgAdccmVsYXRpdmVQYXRoWWFsaWFzRGF0YV8QJy4uLy4uLy4uL2htZy1yZWZzL2RhdGFiYXNlL0JyYW5kbDEwLnBkZtIXCxgZV05TLmRhdGFPEQGUAAAAAAGUAAIAAAxNYWNpbnRvc2ggSEQAAAAAAAAAAAAAAAAAAADMMS8SSCsAAAAmgHUMQnJhbmRsMTAucGRmAAAAAAAAAAAAAAAAAAAAAAAAAAAAAAAAAAAAAAAAAAAAAAAAAAAAAAAAAAAAAAAAAAAAACaBqMh4W8kAAAAAAAAAAAADAAMAAAkgAAAAAAAAAAAAAAAAAAAACGRhdGFiYXNlABAACAAAzDES8gAAABEACAAAyHg/qQAAAAEAFAAmgHUAJoAzAAaQswAF1yQAAg35AAIAP01hY2ludG9zaCBIRDpVc2VyczoAaG1nOgBlY29uOgBobWctcmVmczoAZGF0YWJhc2U6AEJyYW5kbDEwLnBkZgAADgAaAAwAQgByAGEAbgBkAGwAMQAwAC4AcABkAGYADwAaAAwATQBhAGMAaQBuAHQAbwBzAGgAIABIAEQAEgAtVXNlcnMvaG1nL2Vjb24vaG1nLXJlZnMvZGF0YWJhc2UvQnJhbmRsMTAucGRmAAATAAEvAAAVAAIACv//AACABtIbHB0eWiRjbGFzc25hbWVYJGNsYXNzZXNdTlNNdXRhYmxlRGF0YaMdHyBWTlNEYXRhWE5TT2JqZWN00hscIiNcTlNEaWN0aW9uYXJ5oiIgXxAPTlNLZXllZEFyY2hpdmVy0SYnVHJvb3SAAQAIABEAGgAjAC0AMgA3AEAARgBNAFUAYABnAGoAbABuAHEAcwB1AHcAhACOALgAvQDFAl0CXwJkAm8CeAKGAooCkQKaAp8CrAKvAsECxALJAAAAAAAAAgEAAAAAAAAAKAAAAAAAAAAAAAAAAAAAAss=},
  date-added =    {2010-07-30 10:35:35 +0200},
  date-modified = {2010-07-30 10:35:35 +0200}
}

@Book{CampbellGriesMontojoEtAl2009,
  title =         {An Introduction to Computer Science Using {Python}},
  publisher =     {The Pragmatic Programmers},
  year =          {2009},
  author =        {Jennifer Campbell and Paul Gries and Jason Montojo and Gregory V. Wilson},
  editor =        {Daniel H. Steinberg},
  series =        {Practical Programming},
  __markedentry = {[Radost:6]},
  date-added =    {2010-04-08 15:35:43 +0200},
  date-modified = {2010-04-08 15:40:57 +0200}
}

@Article{DewaldThursbyAnderson1986,
  author =        {William G. Dewald and Jerry G. Thursby and Richard G. Anderson},
  title =         {Replication in Empirical Economics: The Journal of Money, Credit and Banking Project},
  journal =       {The American Economic Review},
  year =          {1986},
  volume =        {76},
  number =        {4},
  pages =         {587-603},
  month =         sep,
  __markedentry = {[Radost:6]},
  bdsk-file-1 =   {YnBsaXN0MDDUAQIDBAUGJCVYJHZlcnNpb25YJG9iamVjdHNZJGFyY2hpdmVyVCR0b3ASAAGGoKgHCBMUFRYaIVUkbnVsbNMJCgsMDxJXTlMua2V5c1pOUy5vYmplY3RzViRjbGFzc6INDoACgAOiEBGABIAFgAdccmVsYXRpdmVQYXRoWWFsaWFzRGF0YV8QNi4uLy4uLy4uL2htZy1yZWZzL2RhdGFiYXNlL0Rld2FsZFRodXJzYnlBbmRlcnNvbjg2LnBkZtIXCxgZV05TLmRhdGFPEQHOAAAAAAHOAAIAAAxNYWNpbnRvc2ggSEQAAAAAAAAAAAAAAAAAAADMMS8SSCsAAAAmgHUbRGV3YWxkVGh1cnNieUFuZGVyc29uODYucGRmAAAAAAAAAAAAAAAAAAAAAAAAAAAAAAAAAAAAAAAAAAAAAAAAACaDScfjw8QAAAAAAAAAAAADAAMAAAkgAAAAAAAAAAAAAAAAAAAACGRhdGFiYXNlABAACAAAzDES8gAAABEACAAAx+OnpAAAAAEAFAAmgHUAJoAzAAaQswAF1yQAAg35AAIATk1hY2ludG9zaCBIRDpVc2VyczoAaG1nOgBlY29uOgBobWctcmVmczoAZGF0YWJhc2U6AERld2FsZFRodXJzYnlBbmRlcnNvbjg2LnBkZgAOADgAGwBEAGUAdwBhAGwAZABUAGgAdQByAHMAYgB5AEEAbgBkAGUAcgBzAG8AbgA4ADYALgBwAGQAZgAPABoADABNAGEAYwBpAG4AdABvAHMAaAAgAEgARAASADxVc2Vycy9obWcvZWNvbi9obWctcmVmcy9kYXRhYmFzZS9EZXdhbGRUaHVyc2J5QW5kZXJzb244Ni5wZGYAEwABLwAAFQACAAr//wAAgAbSGxwdHlokY2xhc3NuYW1lWCRjbGFzc2VzXU5TTXV0YWJsZURhdGGjHR8gVk5TRGF0YVhOU09iamVjdNIbHCIjXE5TRGljdGlvbmFyeaIiIF8QD05TS2V5ZWRBcmNoaXZlctEmJ1Ryb290gAEACAARABoAIwAtADIANwBAAEYATQBVAGAAZwBqAGwAbgBxAHMAdQB3AIQAjgDHAMwA1AKmAqgCrQK4AsECzwLTAtoC4wLoAvUC+AMKAw0DEgAAAAAAAAIBAAAAAAAAACgAAAAAAAAAAAAAAAAAAAMU},
  date-added =    {2010-04-08 13:19:31 +0200},
  date-modified = {2010-04-08 13:20:09 +0200}
}

@Book{Doar2005,
  title =         {Practical Development Environments},
  publisher =     {O'Reilly Media},
  year =          {2005},
  author =        {Matthew B. Doar},
  address =       {Sebastopol, {CA, USA}},
  __markedentry = {[Radost:6]},
  date-added =    {2010-04-07 11:18:51 +0200},
  date-modified = {2010-04-07 11:20:10 +0200}
}

@Article{Dubois2005,
  author =        {Paul F. Dubois},
  title =         {Maintaining correctness in scientific programs},
  journal =       {Computing in Science \& Engineering},
  year =          {2005},
  volume =        {7},
  number =        {3},
  pages =         {80-85},
  __markedentry = {[Radost:6]},
  bdsk-file-1 =   {YnBsaXN0MDDUAQIDBAUGJCVYJHZlcnNpb25YJG9iamVjdHNZJGFyY2hpdmVyVCR0b3ASAAGGoKgHCBMUFRYaIVUkbnVsbNMJCgsMDxJXTlMua2V5c1pOUy5vYmplY3RzViRjbGFzc6INDoACgAOiEBGABIAFgAdccmVsYXRpdmVQYXRoWWFsaWFzRGF0YV8QJy4uLy4uLy4uL2htZy1yZWZzL2RhdGFiYXNlL0R1Ym9pczA1LnBkZtIXCxgZV05TLmRhdGFPEQGUAAAAAAGUAAIAAAxNYWNpbnRvc2ggSEQAAAAAAAAAAAAAAAAAAADMMS8SSCsAAAAmgHUMRHVib2lzMDUucGRmAAAAAAAAAAAAAAAAAAAAAAAAAAAAAAAAAAAAAAAAAAAAAAAAAAAAAAAAAAAAAAAAAAAAACaB3ckJta0AAAAAAAAAAAADAAMAAAkgAAAAAAAAAAAAAAAAAAAACGRhdGFiYXNlABAACAAAzDES8gAAABEACAAAyQmnnQAAAAEAFAAmgHUAJoAzAAaQswAF1yQAAg35AAIAP01hY2ludG9zaCBIRDpVc2VyczoAaG1nOgBlY29uOgBobWctcmVmczoAZGF0YWJhc2U6AER1Ym9pczA1LnBkZgAADgAaAAwARAB1AGIAbwBpAHMAMAA1AC4AcABkAGYADwAaAAwATQBhAGMAaQBuAHQAbwBzAGgAIABIAEQAEgAtVXNlcnMvaG1nL2Vjb24vaG1nLXJlZnMvZGF0YWJhc2UvRHVib2lzMDUucGRmAAATAAEvAAAVAAIACv//AACABtIbHB0eWiRjbGFzc25hbWVYJGNsYXNzZXNdTlNNdXRhYmxlRGF0YaMdHyBWTlNEYXRhWE5TT2JqZWN00hscIiNcTlNEaWN0aW9uYXJ5oiIgXxAPTlNLZXllZEFyY2hpdmVy0SYnVHJvb3SAAQAIABEAGgAjAC0AMgA3AEAARgBNAFUAYABnAGoAbABuAHEAcwB1AHcAhACOALgAvQDFAl0CXwJkAm8CeAKGAooCkQKaAp8CrAKvAsECxALJAAAAAAAAAgEAAAAAAAAAKAAAAAAAAAAAAAAAAAAAAss=},
  date-added =    {2010-11-15 13:40:56 +0100},
  date-modified = {2010-11-15 13:41:41 +0100}
}

@Article{FomelHennenfent2007,
  author =        {Sergey Fomel and Gilles Hennenfent},
  title =         {Reproducible computational experiments using {SCons}},
  journal =       {IEEE International Conference on Acoustics, Speech and Signal Processing, 2007. ICASSP 2007.},
  year =          {2007},
  volume =        {4},
  pages =         {IV1257-IV1260},
  __markedentry = {[Radost:6]},
  bdsk-file-1 =   {YnBsaXN0MDDUAQIDBAUGJCVYJHZlcnNpb25YJG9iamVjdHNZJGFyY2hpdmVyVCR0b3ASAAGGoKgHCBMUFRYaIVUkbnVsbNMJCgsMDxJXTlMua2V5c1pOUy5vYmplY3RzViRjbGFzc6INDoACgAOiEBGABIAFgAdccmVsYXRpdmVQYXRoWWFsaWFzRGF0YV8QMC4uLy4uLy4uL2htZy1yZWZzL2RhdGFiYXNlL0ZvbWVsSGVubmVuZmVudDA3LnBkZtIXCxgZV05TLmRhdGFPEQG2AAAAAAG2AAIAAAxNYWNpbnRvc2ggSEQAAAAAAAAAAAAAAAAAAADMMS8SSCsAAAAmgHUVRm9tZWxIZW5uZW5mZW50MDcucGRmAAAAAAAAAAAAAAAAAAAAAAAAAAAAAAAAAAAAAAAAAAAAAAAAAAAAAAAAACaA6sfXbngAAAAAAAAAAAADAAMAAAkgAAAAAAAAAAAAAAAAAAAACGRhdGFiYXNlABAACAAAzDES8gAAABEACAAAx9dSWAAAAAEAFAAmgHUAJoAzAAaQswAF1yQAAg35AAIASE1hY2ludG9zaCBIRDpVc2VyczoAaG1nOgBlY29uOgBobWctcmVmczoAZGF0YWJhc2U6AEZvbWVsSGVubmVuZmVudDA3LnBkZgAOACwAFQBGAG8AbQBlAGwASABlAG4AbgBlAG4AZgBlAG4AdAAwADcALgBwAGQAZgAPABoADABNAGEAYwBpAG4AdABvAHMAaAAgAEgARAASADZVc2Vycy9obWcvZWNvbi9obWctcmVmcy9kYXRhYmFzZS9Gb21lbEhlbm5lbmZlbnQwNy5wZGYAEwABLwAAFQACAAr//wAAgAbSGxwdHlokY2xhc3NuYW1lWCRjbGFzc2VzXU5TTXV0YWJsZURhdGGjHR8gVk5TRGF0YVhOU09iamVjdNIbHCIjXE5TRGljdGlvbmFyeaIiIF8QD05TS2V5ZWRBcmNoaXZlctEmJ1Ryb290gAEACAARABoAIwAtADIANwBAAEYATQBVAGAAZwBqAGwAbgBxAHMAdQB3AIQAjgDBAMYAzgKIAooCjwKaAqMCsQK1ArwCxQLKAtcC2gLsAu8C9AAAAAAAAAIBAAAAAAAAACgAAAAAAAAAAAAAAAAAAAL2},
  bdsk-file-2 =   {YnBsaXN0MDDUAQIDBAUGJCVYJHZlcnNpb25YJG9iamVjdHNZJGFyY2hpdmVyVCR0b3ASAAGGoKgHCBMUFRYaIVUkbnVsbNMJCgsMDxJXTlMua2V5c1pOUy5vYmplY3RzViRjbGFzc6INDoACgAOiEBGABIAFgAdccmVsYXRpdmVQYXRoWWFsaWFzRGF0YV8QMS4uLy4uLy4uL2htZy1yZWZzL2RhdGFiYXNlL0ZvbWVsSGVubmVuZmVudDA3QS5wZGbSFwsYGVdOUy5kYXRhTxEBvAAAAAABvAACAAAMTWFjaW50b3NoIEhEAAAAAAAAAAAAAAAAAAAAzDEvEkgrAAAAJoB1FkZvbWVsSGVubmVuZmVudDA3QS5wZGYAAAAAAAAAAAAAAAAAAAAAAAAAAAAAAAAAAAAAAAAAAAAAAAAAAAAAAAAmgdPH1254AAAAAAAAAAAAAwADAAAJIAAAAAAAAAAAAAAAAAAAAAhkYXRhYmFzZQAQAAgAAMwxEvIAAAARAAgAAMfXUlgAAAABABQAJoB1ACaAMwAGkLMABdckAAIN+QACAElNYWNpbnRvc2ggSEQ6VXNlcnM6AGhtZzoAZWNvbjoAaG1nLXJlZnM6AGRhdGFiYXNlOgBGb21lbEhlbm5lbmZlbnQwN0EucGRmAAAOAC4AFgBGAG8AbQBlAGwASABlAG4AbgBlAG4AZgBlAG4AdAAwADcAQQAuAHAAZABmAA8AGgAMAE0AYQBjAGkAbgB0AG8AcwBoACAASABEABIAN1VzZXJzL2htZy9lY29uL2htZy1yZWZzL2RhdGFiYXNlL0ZvbWVsSGVubmVuZmVudDA3QS5wZGYAABMAAS8AABUAAgAK//8AAIAG0hscHR5aJGNsYXNzbmFtZVgkY2xhc3Nlc11OU011dGFibGVEYXRhox0fIFZOU0RhdGFYTlNPYmplY3TSGxwiI1xOU0RpY3Rpb25hcnmiIiBfEA9OU0tleWVkQXJjaGl2ZXLRJidUcm9vdIABAAgAEQAaACMALQAyADcAQABGAE0AVQBgAGcAagBsAG4AcQBzAHUAdwCEAI4AwgDHAM8CjwKRApYCoQKqArgCvALDAswC0QLeAuEC8wL2AvsAAAAAAAACAQAAAAAAAAAoAAAAAAAAAAAAAAAAAAAC/Q==},
  date-added =    {2010-03-30 08:21:41 +0200},
  date-modified = {2010-03-30 08:23:12 +0200}
}

@Book{FreemanPryce2010,
  title =         {Growing Object-Oriented Software, Guided by Tests},
  publisher =     {Addison Wesley},
  year =          {2010},
  author =        {Steve Freeman and Nat Pryce},
  address =       {Boston, MA, USA},
  __markedentry = {[Radost:6]},
  date-added =    {2010-04-08 15:41:33 +0200},
  date-modified = {2010-04-08 15:42:23 +0200}
}

@Book{Friedl2006,
  title =         {Mastering Regular Expressions},
  publisher =     {O'Reilly Media},
  year =          {2006},
  author =        {Jeffrey E. F. Friedl},
  edition =       {3},
  __markedentry = {[Radost:6]},
  bdsk-file-1 =   {YnBsaXN0MDDUAQIDBAUGJCVYJHZlcnNpb25YJG9iamVjdHNZJGFyY2hpdmVyVCR0b3ASAAGGoKgHCBMUFRYaIVUkbnVsbNMJCgsMDxJXTlMua2V5c1pOUy5vYmplY3RzViRjbGFzc6INDoACgAOiEBGABIAFgAdccmVsYXRpdmVQYXRoWWFsaWFzRGF0YV8QJy4uLy4uLy4uL2htZy1yZWZzL2RhdGFiYXNlL0ZyaWVkbDA2LnBkZtIXCxgZV05TLmRhdGFPEQGUAAAAAAGUAAIAAAxNYWNpbnRvc2ggSEQAAAAAAAAAAAAAAAAAAADMMS8SSCsAAAAmgHUMRnJpZWRsMDYucGRmAAAAAAAAAAAAAAAAAAAAAAAAAAAAAAAAAAAAAAAAAAAAAAAAAAAAAAAAAAAAAAAAAAAAACaBmsYSSvYAAAAAAAAAAAADAAMAAAkgAAAAAAAAAAAAAAAAAAAACGRhdGFiYXNlABAACAAAzDES8gAAABEACAAAxhIu1gAAAAEAFAAmgHUAJoAzAAaQswAF1yQAAg35AAIAP01hY2ludG9zaCBIRDpVc2VyczoAaG1nOgBlY29uOgBobWctcmVmczoAZGF0YWJhc2U6AEZyaWVkbDA2LnBkZgAADgAaAAwARgByAGkAZQBkAGwAMAA2AC4AcABkAGYADwAaAAwATQBhAGMAaQBuAHQAbwBzAGgAIABIAEQAEgAtVXNlcnMvaG1nL2Vjb24vaG1nLXJlZnMvZGF0YWJhc2UvRnJpZWRsMDYucGRmAAATAAEvAAAVAAIACv//AACABtIbHB0eWiRjbGFzc25hbWVYJGNsYXNzZXNdTlNNdXRhYmxlRGF0YaMdHyBWTlNEYXRhWE5TT2JqZWN00hscIiNcTlNEaWN0aW9uYXJ5oiIgXxAPTlNLZXllZEFyY2hpdmVy0SYnVHJvb3SAAQAIABEAGgAjAC0AMgA3AEAARgBNAFUAYABnAGoAbABuAHEAcwB1AHcAhACOALgAvQDFAl0CXwJkAm8CeAKGAooCkQKaAp8CrAKvAsECxALJAAAAAAAAAgEAAAAAAAAAKAAAAAAAAAAAAAAAAAAAAss=},
  date-added =    {2009-04-20 15:58:42 +0200},
  date-modified = {2009-04-20 15:59:33 +0200}
}

@Unpublished{Gaudecker2013,
  author =        {Hans-Martin von Gaudecker},
  title =         {Templates for Reproducible Research Projects in Economics},
  note =          {\url{https://github.com/hmgaudecker/econ-project-templates}},
  year =          {2013},
  __markedentry = {[Radost:6]},
  date-added =    {2013-12-10 16:26:11 +0000},
  date-modified = {2013-12-10 16:26:11 +0000}
}
@article{Gaudecker2015,
  title = {How {{Does Household Portfolio Diversification Vary}} with {{Financial Sophistication}} and {{Financial Advice}}?},
  volume = {70},
  number = {2},
  journal = {Journal of Finance},
  author = {von Gaudecker, Hans-Martin},
  month = apr,
  year = {2015},
  pages = {489-507}
}

@Article{GaudeckerSoestWengstrA¶m2011,
  author =        {Hans-Martin von Gaudecker and Arthur van Soest and Erik WengstrÃ¶m},
  title =         {Heterogeneity in Risky Choice Behaviour in a Broad Population},
  journal =       {American Economic Review},
  year =          {2011},
  volume =        {101},
  number =        {2},
  pages =         {664-694},
  month =         {April},
  __markedentry = {[Radost:6]},
  bdsk-file-1 =   {YnBsaXN0MDDUAQIDBAUGJCVYJHZlcnNpb25YJG9iamVjdHNZJGFyY2hpdmVyVCR0b3ASAAGGoKgHCBMUFRYaIVUkbnVsbNMJCgsMDxJXTlMua2V5c1pOUy5vYmplY3RzViRjbGFzc6INDoACgAOiEBGABIAFgAdccmVsYXRpdmVQYXRoWWFsaWFzRGF0YV8QPy4uLy4uLy4uL2htZy1yZWZzL2RhdGFiYXNlL0dhdWRlY2tlclNvZXN0V2VuZ3N0cm9tMTFwcmVmaGV0LnBkZtIXCxgZV05TLmRhdGFPEQHuAAAAAAHuAAIAAAxNYWNpbnRvc2ggSEQAAAAAAAAAAAAAAAAAAADMMS8SSCsAAAAmgHUfR2F1ZGVja2VyU29lc3RXZW5nc3QjMjY4NTFCLnBkZgAAAAAAAAAAAAAAAAAAAAAAAAAAAAAAAAAAAAAAAAAAACaFG8nOSmYAAAAAAAAAAAADAAMAAAkgAAAAAAAAAAAAAAAAAAAACGRhdGFiYXNlABAACAAAzDES8gAAABEACAAAyc4uRgAAAAEAFAAmgHUAJoAzAAaQswAF1yQAAg35AAIAUk1hY2ludG9zaCBIRDpVc2VyczoAaG1nOgBlY29uOgBobWctcmVmczoAZGF0YWJhc2U6AEdhdWRlY2tlclNvZXN0V2VuZ3N0IzI2ODUxQi5wZGYADgBKACQARwBhAHUAZABlAGMAawBlAHIAUwBvAGUAcwB0AFcAZQBuAGcAcwB0AHIAbwBtADEAMQBwAHIAZQBmAGgAZQB0AC4AcABkAGYADwAaAAwATQBhAGMAaQBuAHQAbwBzAGgAIABIAEQAEgBFVXNlcnMvaG1nL2Vjb24vaG1nLXJlZnMvZGF0YWJhc2UvR2F1ZGVja2VyU29lc3RXZW5nc3Ryb20xMXByZWZoZXQucGRmAAATAAEvAAAVAAIACv//AACABtIbHB0eWiRjbGFzc25hbWVYJGNsYXNzZXNdTlNNdXRhYmxlRGF0YaMdHyBWTlNEYXRhWE5TT2JqZWN00hscIiNcTlNEaWN0aW9uYXJ5oiIgXxAPTlNLZXllZEFyY2hpdmVy0SYnVHJvb3SAAQAIABEAGgAjAC0AMgA3AEAARgBNAFUAYABnAGoAbABuAHEAcwB1AHcAhACOANAA1QDdAs8C0QLWAuEC6gL4AvwDAwMMAxEDHgMhAzMDNgM7AAAAAAAAAgEAAAAAAAAAKAAAAAAAAAAAAAAAAAAAAz0=},
  bdsk-file-2 =   {YnBsaXN0MDDUAQIDBAUGJCVYJHZlcnNpb25YJG9iamVjdHNZJGFyY2hpdmVyVCR0b3ASAAGGoKgHCBMUFRYaIVUkbnVsbNMJCgsMDxJXTlMua2V5c1pOUy5vYmplY3RzViRjbGFzc6INDoACgAOiEBGABIAFgAdccmVsYXRpdmVQYXRoWWFsaWFzRGF0YV8QQC4uLy4uLy4uL2htZy1yZWZzL2RhdGFiYXNlL0dhdWRlY2tlclNvZXN0V2VuZ3N0cm9tMTFwcmVmaGV0QS5wZGbSFwsYGVdOUy5kYXRhTxEB8AAAAAAB8AACAAAMTWFjaW50b3NoIEhEAAAAAAAAAAAAAAAAAAAAzDEvEkgrAAAAJoB1H0dhdWRlY2tlclNvZXN0V2VuZ3N0IzI2ODdGRi5wZGYAAAAAAAAAAAAAAAAAAAAAAAAAAAAAAAAAAAAAAAAAAAAmh//KslnJAAAAAAAAAAAAAwADAAAJIAAAAAAAAAAAAAAAAAAAAAhkYXRhYmFzZQAQAAgAAMwxEvIAAAARAAgAAMqyPakAAAABABQAJoB1ACaAMwAGkLMABdckAAIN+QACAFJNYWNpbnRvc2ggSEQ6VXNlcnM6AGhtZzoAZWNvbjoAaG1nLXJlZnM6AGRhdGFiYXNlOgBHYXVkZWNrZXJTb2VzdFdlbmdzdCMyNjg3RkYucGRmAA4ATAAlAEcAYQB1AGQAZQBjAGsAZQByAFMAbwBlAHMAdABXAGUAbgBnAHMAdAByAG8AbQAxADEAcAByAGUAZgBoAGUAdABBAC4AcABkAGYADwAaAAwATQBhAGMAaQBuAHQAbwBzAGgAIABIAEQAEgBGVXNlcnMvaG1nL2Vjb24vaG1nLXJlZnMvZGF0YWJhc2UvR2F1ZGVja2VyU29lc3RXZW5nc3Ryb20xMXByZWZoZXRBLnBkZgATAAEvAAAVAAIACv//AACABtIbHB0eWiRjbGFzc25hbWVYJGNsYXNzZXNdTlNNdXRhYmxlRGF0YaMdHyBWTlNEYXRhWE5TT2JqZWN00hscIiNcTlNEaWN0aW9uYXJ5oiIgXxAPTlNLZXllZEFyY2hpdmVy0SYnVHJvb3SAAQAIABEAGgAjAC0AMgA3AEAARgBNAFUAYABnAGoAbABuAHEAcwB1AHcAhACOANEA1gDeAtIC1ALZAuQC7QL7Av8DBgMPAxQDIQMkAzYDOQM+AAAAAAAAAgEAAAAAAAAAKAAAAAAAAAAAAAAAAAAAA0A=},
  bdsk-file-3 =   {YnBsaXN0MDDUAQIDBAUGJCVYJHZlcnNpb25YJG9iamVjdHNZJGFyY2hpdmVyVCR0b3ASAAGGoKgHCBMUFRYaIVUkbnVsbNMJCgsMDxJXTlMua2V5c1pOUy5vYmplY3RzViRjbGFzc6INDoACgAOiEBGABIAFgAdccmVsYXRpdmVQYXRoWWFsaWFzRGF0YV8QPy4uLy4uLy4uL2htZy1yZWZzL2RhdGFiYXNlL0dhdWRlY2tlclNvZXN0V2VuZ3N0cm9tMTFwcmVmaGV0LnppcNIXCxgZV05TLmRhdGFPEQHuAAAAAAHuAAIAAAxNYWNpbnRvc2ggSEQAAAAAAAAAAAAAAAAAAADMMS8SSCsAAAAmgHUfR2F1ZGVja2VyU29lc3RXZW5nc3QjMjY4MEVGLnppcAAAAAAAAAAAAAAAAAAAAAAAAAAAAAAAAAAAAAAAAAAAACaA78qyWckAAAAAAAAAAAADAAMAAAkgAAAAAAAAAAAAAAAAAAAACGRhdGFiYXNlABAACAAAzDES8gAAABEACAAAyrI9qQAAAAEAFAAmgHUAJoAzAAaQswAF1yQAAg35AAIAUk1hY2ludG9zaCBIRDpVc2VyczoAaG1nOgBlY29uOgBobWctcmVmczoAZGF0YWJhc2U6AEdhdWRlY2tlclNvZXN0V2VuZ3N0IzI2ODBFRi56aXAADgBKACQARwBhAHUAZABlAGMAawBlAHIAUwBvAGUAcwB0AFcAZQBuAGcAcwB0AHIAbwBtADEAMQBwAHIAZQBmAGgAZQB0AC4AegBpAHAADwAaAAwATQBhAGMAaQBuAHQAbwBzAGgAIABIAEQAEgBFVXNlcnMvaG1nL2Vjb24vaG1nLXJlZnMvZGF0YWJhc2UvR2F1ZGVja2VyU29lc3RXZW5nc3Ryb20xMXByZWZoZXQuemlwAAATAAEvAAAVAAIACv//AACABtIbHB0eWiRjbGFzc25hbWVYJGNsYXNzZXNdTlNNdXRhYmxlRGF0YaMdHyBWTlNEYXRhWE5TT2JqZWN00hscIiNcTlNEaWN0aW9uYXJ5oiIgXxAPTlNLZXllZEFyY2hpdmVy0SYnVHJvb3SAAQAIABEAGgAjAC0AMgA3AEAARgBNAFUAYABnAGoAbABuAHEAcwB1AHcAhACOANAA1QDdAs8C0QLWAuEC6gL4AvwDAwMMAxEDHgMhAzMDNgM7AAAAAAAAAgEAAAAAAAAAKAAAAAAAAAAAAAAAAAAAAz0=},
  date-modified = {2011-04-12 18:28:10 +0200}
}

@article{GaudeckerSoestWengstrom2011,
  title = {Heterogeneity in {{Risky Choice Behaviour}} in a {{Broad Population}}},
  volume = {101},
  number = {2},
  journal = {American Economic Review},
  author = {von Gaudecker, Hans-Martin and van Soest, Arthur and Wengstr{\"o}m, Erik},
  month = apr,
  year = {2011},
  pages = {664-694}
}

@article{Hoxby2000,
  title = {Does {{Competition}} among {{Public Schools Benefit Students}} and {{Taxpayers}}?},
  volume = {90},
  number = {5},
  journal = {American Economic Review},
  author = {Hoxby, Caroline M.},
  month = dec,
  year = {2000},
  pages = {1209-1238}
}

@Article{Hoxby2000a,
  author =        {Caroline M. Hoxby},
  title =         {Does Competition among Public Schools Benefit Students and Taxpayers?},
  journal =       {The American Economic Review},
  year =          {2000},
  volume =        {90},
  number =        {5},
  pages =         {1209-1238},
  month =         dec,
  __markedentry = {[Radost:6]},
  bdsk-file-1 =   {YnBsaXN0MDDUAQIDBAUGJCVYJHZlcnNpb25YJG9iamVjdHNZJGFyY2hpdmVyVCR0b3ASAAGGoKgHCBMUFRYaIVUkbnVsbNMJCgsMDxJXTlMua2V5c1pOUy5vYmplY3RzViRjbGFzc6INDoACgAOiEBGABIAFgAdccmVsYXRpdmVQYXRoWWFsaWFzRGF0YV8QJi4uLy4uLy4uL2htZy1yZWZzL2RhdGFiYXNlL0hveGJ5MDAucGRm0hcLGBlXTlMuZGF0YU8RAY4AAAAAAY4AAgAADE1hY2ludG9zaCBIRAAAAAAAAAAAAAAAAAAAAMwxLxJIKwAAACaAdQtIb3hieTAwLnBkZgAAAAAAAAAAAAAAAAAAAAAAAAAAAAAAAAAAAAAAAAAAAAAAAAAAAAAAAAAAAAAAAAAAAAAAJocrxx9ZRQAAAAAAAAAAAAMAAwAACSAAAAAAAAAAAAAAAAAAAAAIZGF0YWJhc2UAEAAIAADMMRLyAAAAEQAIAADHH0s1AAAAAQAUACaAdQAmgDMABpCzAAXXJAACDfkAAgA+TWFjaW50b3NoIEhEOlVzZXJzOgBobWc6AGVjb246AGhtZy1yZWZzOgBkYXRhYmFzZToASG94YnkwMC5wZGYADgAYAAsASABvAHgAYgB5ADAAMAAuAHAAZABmAA8AGgAMAE0AYQBjAGkAbgB0AG8AcwBoACAASABEABIALFVzZXJzL2htZy9lY29uL2htZy1yZWZzL2RhdGFiYXNlL0hveGJ5MDAucGRmABMAAS8AABUAAgAK//8AAIAG0hscHR5aJGNsYXNzbmFtZVgkY2xhc3Nlc11OU011dGFibGVEYXRhox0fIFZOU0RhdGFYTlNPYmplY3TSGxwiI1xOU0RpY3Rpb25hcnmiIiBfEA9OU0tleWVkQXJjaGl2ZXLRJidUcm9vdIABAAgAEQAaACMALQAyADcAQABGAE0AVQBgAGcAagBsAG4AcQBzAHUAdwCEAI4AtwC8AMQCVgJYAl0CaAJxAn8CgwKKApMCmAKlAqgCugK9AsIAAAAAAAACAQAAAAAAAAAoAAAAAAAAAAAAAAAAAAACxA==},
  date-added =    {2009-11-10 16:56:39 +0100},
  date-modified = {2009-11-10 16:56:52 +0100}
}

@article{Hoxby2007,
  title = {Does {{Competition}} among {{Public Schools Benefit Students}} and {{Taxpayers}}? {{Reply}}},
  volume = {97},
  number = {5},
  journal = {American Economic Review},
  author = {Hoxby, Caroline M.},
  month = dec,
  year = {2007},
  pages = {2038-2055}
}

@Article{InceHattonGraham-Cumming2012,
  author =        {Darrel C. Ince and Leslie Hatton and John Graham-Cumming},
  title =         {The Case for Open Computer Programs},
  journal =       {Nature},
  year =          {2012},
  volume =        {482},
  number =        {7386},
  pages =         {485-488},
  month =         {Februar},
  __markedentry = {[Radost:6]},
  annote =        {10.1038/nature10836},
  bdsk-file-1 =   {YnBsaXN0MDDUAQIDBAUGJCVYJHZlcnNpb25YJG9iamVjdHNZJGFyY2hpdmVyVCR0b3ASAAGGoKgHCBMUFRYaIVUkbnVsbNMJCgsMDxJXTlMua2V5c1pOUy5vYmplY3RzViRjbGFzc6INDoACgAOiEBGABIAFgAdccmVsYXRpdmVQYXRoWWFsaWFzRGF0YV8QMi4uLy4uLy4uL2htZy1yZWZzL2RhdGFiYXNlL0luY2VIYXR0b25HcmFoYW0xMkEucGRm0hcLGBlXTlMuZGF0YU8RAb4AAAAAAb4AAgAADE1hY2ludG9zaCBIRAAAAAAAAAAAAAAAAAAAAMwxLxJIKwAAACaAdRdJbmNlSGF0dG9uR3JhaGFtMTJBLnBkZgAAAAAAAAAAAAAAAAAAAAAAAAAAAAAAAAAAAAAAAAAAAAAAAAAAAAAApYJbzoCcdAAAAAAAAAAAAAMAAwAACSAAAAAAAAAAAAAAAAAAAAAIZGF0YWJhc2UAEAAIAADMMRLyAAAAEQAIAADOgIBUAAAAAQAUACaAdQAmgDMABpCzAAXXJAACDfkAAgBKTWFjaW50b3NoIEhEOlVzZXJzOgBobWc6AGVjb246AGhtZy1yZWZzOgBkYXRhYmFzZToASW5jZUhhdHRvbkdyYWhhbTEyQS5wZGYADgAwABcASQBuAGMAZQBIAGEAdAB0AG8AbgBHAHIAYQBoAGEAbQAxADIAQQAuAHAAZABmAA8AGgAMAE0AYQBjAGkAbgB0AG8AcwBoACAASABEABIAOFVzZXJzL2htZy9lY29uL2htZy1yZWZzL2RhdGFiYXNlL0luY2VIYXR0b25HcmFoYW0xMkEucGRmABMAAS8AABUAAgAK//8AAIAG0hscHR5aJGNsYXNzbmFtZVgkY2xhc3Nlc11OU011dGFibGVEYXRhox0fIFZOU0RhdGFYTlNPYmplY3TSGxwiI1xOU0RpY3Rpb25hcnmiIiBfEA9OU0tleWVkQXJjaGl2ZXLRJidUcm9vdIABAAgAEQAaACMALQAyADcAQABGAE0AVQBgAGcAagBsAG4AcQBzAHUAdwCEAI4AwwDIANACkgKUApkCpAKtArsCvwLGAs8C1ALhAuQC9gL5Av4AAAAAAAACAQAAAAAAAAAoAAAAAAAAAAAAAAAAAAADAA==},
  date-added =    {2013-10-13 16:53:06 +0000},
  date-modified = {2013-10-13 16:54:05 +0000}
}

@Article{KellyHookSanders2009,
  author =        {Diane Kelly and D. Hook and Rebecca Sanders},
  title =         {Five Recommended Practices for Computational Scientists Who Write Software},
  journal =       {Computing in Science \& Engineering},
  year =          {2009},
  volume =        {11},
  number =        {5},
  pages =         {48-53},
  __markedentry = {[Radost:6]},
  bdsk-file-1 =   {YnBsaXN0MDDUAQIDBAUGJCVYJHZlcnNpb25YJG9iamVjdHNZJGFyY2hpdmVyVCR0b3ASAAGGoKgHCBMUFRYaIVUkbnVsbNMJCgsMDxJXTlMua2V5c1pOUy5vYmplY3RzViRjbGFzc6INDoACgAOiEBGABIAFgAdccmVsYXRpdmVQYXRoWWFsaWFzRGF0YV8QMS4uLy4uLy4uL2htZy1yZWZzL2RhdGFiYXNlL0tlbGx5SG9va1NhbmRlcnMwOS5wZGbSFwsYGVdOUy5kYXRhTxEBvAAAAAABvAACAAAMTWFjaW50b3NoIEhEAAAAAAAAAAAAAAAAAAAAzDEvEkgrAAAAJoB1FktlbGx5SG9va1NhbmRlcnMwOS5wZGYAAAAAAAAAAAAAAAAAAAAAAAAAAAAAAAAAAAAAAAAAAAAAAAAAAAAAAAAmhX7H4ijnAAAAAAAAAAAAAwADAAAJIAAAAAAAAAAAAAAAAAAAAAhkYXRhYmFzZQAQAAgAAMwxEvIAAAARAAgAAMfiDMcAAAABABQAJoB1ACaAMwAGkLMABdckAAIN+QACAElNYWNpbnRvc2ggSEQ6VXNlcnM6AGhtZzoAZWNvbjoAaG1nLXJlZnM6AGRhdGFiYXNlOgBLZWxseUhvb2tTYW5kZXJzMDkucGRmAAAOAC4AFgBLAGUAbABsAHkASABvAG8AawBTAGEAbgBkAGUAcgBzADAAOQAuAHAAZABmAA8AGgAMAE0AYQBjAGkAbgB0AG8AcwBoACAASABEABIAN1VzZXJzL2htZy9lY29uL2htZy1yZWZzL2RhdGFiYXNlL0tlbGx5SG9va1NhbmRlcnMwOS5wZGYAABMAAS8AABUAAgAK//8AAIAG0hscHR5aJGNsYXNzbmFtZVgkY2xhc3Nlc11OU011dGFibGVEYXRhox0fIFZOU0RhdGFYTlNPYmplY3TSGxwiI1xOU0RpY3Rpb25hcnmiIiBfEA9OU0tleWVkQXJjaGl2ZXLRJidUcm9vdIABAAgAEQAaACMALQAyADcAQABGAE0AVQBgAGcAagBsAG4AcQBzAHUAdwCEAI4AwgDHAM8CjwKRApYCoQKqArgCvALDAswC0QLeAuEC8wL2AvsAAAAAAAACAQAAAAAAAAAoAAAAAAAAAAAAAAAAAAAC/Q==},
  date-added =    {2010-04-07 11:26:28 +0200},
  date-modified = {2010-04-07 11:32:36 +0200}
}

@Unpublished{KellySanders2008,
  author =        {Diane Kelly and Rebecca Sanders},
  title =         {Assessing the Quality of Scientific Software},
  note =          {Paper presented at the First International Workshop on Software Engineering for Computational Science and Engineering, {Leipzig, Germany}},
  month =         {May},
  year =          {2008},
  __markedentry = {[Radost:6]},
  bdsk-file-1 =   {YnBsaXN0MDDUAQIDBAUGJCVYJHZlcnNpb25YJG9iamVjdHNZJGFyY2hpdmVyVCR0b3ASAAGGoKgHCBMUFRYaIVUkbnVsbNMJCgsMDxJXTlMua2V5c1pOUy5vYmplY3RzViRjbGFzc6INDoACgAOiEBGABIAFgAdccmVsYXRpdmVQYXRoWWFsaWFzRGF0YV8QLS4uLy4uLy4uL2htZy1yZWZzL2RhdGFiYXNlL0tlbGx5U2FuZGVyczA4LnBkZtIXCxgZV05TLmRhdGFPEQGsAAAAAAGsAAIAAAxNYWNpbnRvc2ggSEQAAAAAAAAAAAAAAAAAAADMMS8SSCsAAAAmgHUSS2VsbHlTYW5kZXJzMDgucGRmAAAAAAAAAAAAAAAAAAAAAAAAAAAAAAAAAAAAAAAAAAAAAAAAAAAAAAAAAAAAACaC4MfiKOcAAAAAAAAAAAADAAMAAAkgAAAAAAAAAAAAAAAAAAAACGRhdGFiYXNlABAACAAAzDES8gAAABEACAAAx+IMxwAAAAEAFAAmgHUAJoAzAAaQswAF1yQAAg35AAIARU1hY2ludG9zaCBIRDpVc2VyczoAaG1nOgBlY29uOgBobWctcmVmczoAZGF0YWJhc2U6AEtlbGx5U2FuZGVyczA4LnBkZgAADgAmABIASwBlAGwAbAB5AFMAYQBuAGQAZQByAHMAMAA4AC4AcABkAGYADwAaAAwATQBhAGMAaQBuAHQAbwBzAGgAIABIAEQAEgAzVXNlcnMvaG1nL2Vjb24vaG1nLXJlZnMvZGF0YWJhc2UvS2VsbHlTYW5kZXJzMDgucGRmAAATAAEvAAAVAAIACv//AACABtIbHB0eWiRjbGFzc25hbWVYJGNsYXNzZXNdTlNNdXRhYmxlRGF0YaMdHyBWTlNEYXRhWE5TT2JqZWN00hscIiNcTlNEaWN0aW9uYXJ5oiIgXxAPTlNLZXllZEFyY2hpdmVy0SYnVHJvb3SAAQAIABEAGgAjAC0AMgA3AEAARgBNAFUAYABnAGoAbABuAHEAcwB1AHcAhACOAL4AwwDLAnsCfQKCAo0ClgKkAqgCrwK4Ar0CygLNAt8C4gLnAAAAAAAAAgEAAAAAAAAAKAAAAAAAAAAAAAAAAAAAAuk=},
  date-added =    {2010-04-07 11:31:42 +0200},
  date-modified = {2010-04-07 11:33:54 +0200}
}

@Article{King1995,
  author =        {Gary King},
  title =         {Replication, Replication},
  journal =       {{PS:} Political Science and Politics},
  year =          {1995},
  volume =        {28},
  number =        {3},
  pages =         {444-452},
  month =         sep,
  __markedentry = {[Radost:6]},
  bdsk-file-1 =   {YnBsaXN0MDDUAQIDBAUGJCVYJHZlcnNpb25YJG9iamVjdHNZJGFyY2hpdmVyVCR0b3ASAAGGoKgHCBMUFRYaIVUkbnVsbNMJCgsMDxJXTlMua2V5c1pOUy5vYmplY3RzViRjbGFzc6INDoACgAOiEBGABIAFgAdccmVsYXRpdmVQYXRoWWFsaWFzRGF0YV8QJS4uLy4uLy4uL2htZy1yZWZzL2RhdGFiYXNlL0tpbmc5NS5wZGbSFwsYGVdOUy5kYXRhTxEBjAAAAAABjAACAAAMTWFjaW50b3NoIEhEAAAAAAAAAAAAAAAAAAAAzDEvEkgrAAAAJoB1Cktpbmc5NS5wZGYAAAAAAAAAAAAAAAAAAAAAAAAAAAAAAAAAAAAAAAAAAAAAAAAAAAAAAAAAAAAAAAAAAAAAAAAmglfH4ijnAAAAAAAAAAAAAwADAAAJIAAAAAAAAAAAAAAAAAAAAAhkYXRhYmFzZQAQAAgAAMwxEvIAAAARAAgAAMfiDMcAAAABABQAJoB1ACaAMwAGkLMABdckAAIN+QACAD1NYWNpbnRvc2ggSEQ6VXNlcnM6AGhtZzoAZWNvbjoAaG1nLXJlZnM6AGRhdGFiYXNlOgBLaW5nOTUucGRmAAAOABYACgBLAGkAbgBnADkANQAuAHAAZABmAA8AGgAMAE0AYQBjAGkAbgB0AG8AcwBoACAASABEABIAK1VzZXJzL2htZy9lY29uL2htZy1yZWZzL2RhdGFiYXNlL0tpbmc5NS5wZGYAABMAAS8AABUAAgAK//8AAIAG0hscHR5aJGNsYXNzbmFtZVgkY2xhc3Nlc11OU011dGFibGVEYXRhox0fIFZOU0RhdGFYTlNPYmplY3TSGxwiI1xOU0RpY3Rpb25hcnmiIiBfEA9OU0tleWVkQXJjaGl2ZXLRJidUcm9vdIABAAgAEQAaACMALQAyADcAQABGAE0AVQBgAGcAagBsAG4AcQBzAHUAdwCEAI4AtgC7AMMCUwJVAloCZQJuAnwCgAKHApAClQKiAqUCtwK6Ar8AAAAAAAACAQAAAAAAAAAoAAAAAAAAAAAAAAAAAAACwQ==},
  date-added =    {2010-04-07 10:33:56 +0200},
  date-modified = {2010-04-07 10:34:24 +0200}
}

@Article{KleiberZeileis2010,
  author =        {Christian Kleiber and Achim Zeileis},
  title =         {The Grunfeld Data at 50},
  journal =       {German Economic Review},
  year =          {2010},
  volume =        {11},
  number =        {4},
  pages =         {404-417},
  __markedentry = {[Radost:6]},
  bdsk-file-1 =   {YnBsaXN0MDDUAQIDBAUGJCVYJHZlcnNpb25YJG9iamVjdHNZJGFyY2hpdmVyVCR0b3ASAAGGoKgHCBMUFRYaIVUkbnVsbNMJCgsMDxJXTlMua2V5c1pOUy5vYmplY3RzViRjbGFzc6INDoACgAOiEBGABIAFgAdccmVsYXRpdmVQYXRoWWFsaWFzRGF0YV8QLy4uLy4uLy4uL2htZy1yZWZzL2RhdGFiYXNlL0tsZWliZXJaZWlsZWlzMTAucGRm0hcLGBlXTlMuZGF0YU8RAbQAAAAAAbQAAgAADE1hY2ludG9zaCBIRAAAAAAAAAAAAAAAAAAAAMwxLxJIKwAAACaAdRRLbGVpYmVyWmVpbGVpczEwLnBkZgAAAAAAAAAAAAAAAAAAAAAAAAAAAAAAAAAAAAAAAAAAAAAAAAAAAAAAAAAAJoTfyHxpuQAAAAAAAAAAAAMAAwAACSAAAAAAAAAAAAAAAAAAAAAIZGF0YWJhc2UAEAAIAADMMRLyAAAAEQAIAADIfE2ZAAAAAQAUACaAdQAmgDMABpCzAAXXJAACDfkAAgBHTWFjaW50b3NoIEhEOlVzZXJzOgBobWc6AGVjb246AGhtZy1yZWZzOgBkYXRhYmFzZToAS2xlaWJlclplaWxlaXMxMC5wZGYAAA4AKgAUAEsAbABlAGkAYgBlAHIAWgBlAGkAbABlAGkAcwAxADAALgBwAGQAZgAPABoADABNAGEAYwBpAG4AdABvAHMAaAAgAEgARAASADVVc2Vycy9obWcvZWNvbi9obWctcmVmcy9kYXRhYmFzZS9LbGVpYmVyWmVpbGVpczEwLnBkZgAAEwABLwAAFQACAAr//wAAgAbSGxwdHlokY2xhc3NuYW1lWCRjbGFzc2VzXU5TTXV0YWJsZURhdGGjHR8gVk5TRGF0YVhOU09iamVjdNIbHCIjXE5TRGljdGlvbmFyeaIiIF8QD05TS2V5ZWRBcmNoaXZlctEmJ1Ryb290gAEACAARABoAIwAtADIANwBAAEYATQBVAGAAZwBqAGwAbgBxAHMAdQB3AIQAjgDAAMUAzQKFAocCjAKXAqACrgKyArkCwgLHAtQC1wLpAuwC8QAAAAAAAAIBAAAAAAAAACgAAAAAAAAAAAAAAAAAAALz},
  date-added =    {2010-08-02 12:13:40 +0200},
  date-modified = {2010-10-07 16:34:28 +0200}
}

@Article{KoenkerZeileis2009,
  author =        {Roger Koenker and Achim Zeileis},
  title =         {On Reproducible Econometric Research},
  journal =       {Journal of Applied Econometrics},
  year =          {2009},
  volume =        {24},
  number =        {5},
  pages =         {833-847},
  __markedentry = {[Radost:6]},
  bdsk-file-1 =   {YnBsaXN0MDDUAQIDBAUGJCVYJHZlcnNpb25YJG9iamVjdHNZJGFyY2hpdmVyVCR0b3ASAAGGoKgHCBMUFRYaIVUkbnVsbNMJCgsMDxJXTlMua2V5c1pOUy5vYmplY3RzViRjbGFzc6INDoACgAOiEBGABIAFgAdccmVsYXRpdmVQYXRoWWFsaWFzRGF0YV8QLy4uLy4uLy4uL2htZy1yZWZzL2RhdGFiYXNlL0tvZW5rZXJaZWlsZWlzMDkucGRm0hcLGBlXTlMuZGF0YU8RAbQAAAAAAbQAAgAADE1hY2ludG9zaCBIRAAAAAAAAAAAAAAAAAAAAMwxLxJIKwAAACaAdRRLb2Vua2VyWmVpbGVpczA5LnBkZgAAAAAAAAAAAAAAAAAAAAAAAAAAAAAAAAAAAAAAAAAAAAAAAAAAAAAAAAAAJoK5xnu5OwAAAAAAAAAAAAMAAwAACSAAAAAAAAAAAAAAAAAAAAAIZGF0YWJhc2UAEAAIAADMMRLyAAAAEQAIAADGe50bAAAAAQAUACaAdQAmgDMABpCzAAXXJAACDfkAAgBHTWFjaW50b3NoIEhEOlVzZXJzOgBobWc6AGVjb246AGhtZy1yZWZzOgBkYXRhYmFzZToAS29lbmtlclplaWxlaXMwOS5wZGYAAA4AKgAUAEsAbwBlAG4AawBlAHIAWgBlAGkAbABlAGkAcwAwADkALgBwAGQAZgAPABoADABNAGEAYwBpAG4AdABvAHMAaAAgAEgARAASADVVc2Vycy9obWcvZWNvbi9obWctcmVmcy9kYXRhYmFzZS9Lb2Vua2VyWmVpbGVpczA5LnBkZgAAEwABLwAAFQACAAr//wAAgAbSGxwdHlokY2xhc3NuYW1lWCRjbGFzc2VzXU5TTXV0YWJsZURhdGGjHR8gVk5TRGF0YVhOU09iamVjdNIbHCIjXE5TRGljdGlvbmFyeaIiIF8QD05TS2V5ZWRBcmNoaXZlctEmJ1Ryb290gAEACAARABoAIwAtADIANwBAAEYATQBVAGAAZwBqAGwAbgBxAHMAdQB3AIQAjgDAAMUAzQKFAocCjAKXAqACrgKyArkCwgLHAtQC1wLpAuwC8QAAAAAAAAIBAAAAAAAAACgAAAAAAAAAAAAAAAAAAALz},
  date-added =    {2009-07-08 13:07:08 +0200},
  date-modified = {2009-07-08 13:07:43 +0200}
}

@Article{Koepke2011,
  author =        {Hoyt Koepke},
  title =         {Why Python Rocks for Research},
  journal =       {Hacker Monthly},
  year =          {2011},
  volume =        {8},
  note =          {Updated online version avaiable at \url{http://www.stat.washington.edu/~hoytak/blog/whypython.html}},
  __markedentry = {[Radost:6]},
  bdsk-file-1 =   {YnBsaXN0MDDUAQIDBAUGJCVYJHZlcnNpb25YJG9iamVjdHNZJGFyY2hpdmVyVCR0b3ASAAGGoKgHCBMUFRYaIVUkbnVsbNMJCgsMDxJXTlMua2V5c1pOUy5vYmplY3RzViRjbGFzc6INDoACgAOiEBGABIAFgAdccmVsYXRpdmVQYXRoWWFsaWFzRGF0YV8QJy4uLy4uLy4uL2htZy1yZWZzL2RhdGFiYXNlL0tvZXBrZTExLnBkZtIXCxgZV05TLmRhdGFPEQGUAAAAAAGUAAIAAAxNYWNpbnRvc2ggSEQAAAAAAAAAAAAAAAAAAADMMS8SSCsAAAAmgHUMS29lcGtlMTEucGRmAAAAAAAAAAAAAAAAAAAAAAAAAAAAAAAAAAAAAAAAAAAAAAAAAAAAAAAAAAAAAAAAAAAAACaCIcouoFMAAAAAAAAAAAADAAMAAAkgAAAAAAAAAAAAAAAAAAAACGRhdGFiYXNlABAACAAAzDES8gAAABEACAAAyi6EMwAAAAEAFAAmgHUAJoAzAAaQswAF1yQAAg35AAIAP01hY2ludG9zaCBIRDpVc2VyczoAaG1nOgBlY29uOgBobWctcmVmczoAZGF0YWJhc2U6AEtvZXBrZTExLnBkZgAADgAaAAwASwBvAGUAcABrAGUAMQAxAC4AcABkAGYADwAaAAwATQBhAGMAaQBuAHQAbwBzAGgAIABIAEQAEgAtVXNlcnMvaG1nL2Vjb24vaG1nLXJlZnMvZGF0YWJhc2UvS29lcGtlMTEucGRmAAATAAEvAAAVAAIACv//AACABtIbHB0eWiRjbGFzc25hbWVYJGNsYXNzZXNdTlNNdXRhYmxlRGF0YaMdHyBWTlNEYXRhWE5TT2JqZWN00hscIiNcTlNEaWN0aW9uYXJ5oiIgXxAPTlNLZXllZEFyY2hpdmVy0SYnVHJvb3SAAQAIABEAGgAjAC0AMgA3AEAARgBNAFUAYABnAGoAbABuAHEAcwB1AHcAhACOALgAvQDFAl0CXwJkAm8CeAKGAooCkQKaAp8CrAKvAsECxALJAAAAAAAAAgEAAAAAAAAAKAAAAAAAAAAAAAAAAAAAAss=},
  date-added =    {2011-06-18 08:26:40 -0500},
  date-modified = {2011-06-18 08:29:38 -0500}
}

@Book{KopkaDaly2004,
  title =         {Guide to \LaTeX},
  publisher =     {Addison Wesley / Pearson Education},
  year =          {2004},
  author =        {Helmut Kopka and Patrick W. Daly},
  edition =       {4},
  __markedentry = {[Radost:6]},
  date-added =    {2010-06-09 10:24:16 +0200},
  date-modified = {2010-06-09 10:27:19 +0200}
}

@Book{Langtangen2008,
  title =         {Python Scripting for Computational Science},
  publisher =     {Springer},
  year =          {2008},
  author =        {Hans Petter Langtangen},
  address =       {Berlin and Heidelberg, Germany},
  edition =       {3},
  __markedentry = {[Radost:6]},
  bdsk-file-1 =   {YnBsaXN0MDDUAQIDBAUGJCVYJHZlcnNpb25YJG9iamVjdHNZJGFyY2hpdmVyVCR0b3ASAAGGoKgHCBMUFRYaIVUkbnVsbNMJCgsMDxJXTlMua2V5c1pOUy5vYmplY3RzViRjbGFzc6INDoACgAOiEBGABIAFgAdccmVsYXRpdmVQYXRoWWFsaWFzRGF0YV8QKy4uLy4uLy4uL2htZy1yZWZzL2RhdGFiYXNlL0xhbmd0YW5nZW4wOC5wZGbSFwsYGVdOUy5kYXRhTxEBpAAAAAABpAACAAAMTWFjaW50b3NoIEhEAAAAAAAAAAAAAAAAAAAAzDEvEkgrAAAAJoB1EExhbmd0YW5nZW4wOC5wZGYAAAAAAAAAAAAAAAAAAAAAAAAAAAAAAAAAAAAAAAAAAAAAAAAAAAAAAAAAAAAAAAAmgb3GEkr2AAAAAAAAAAAAAwADAAAJIAAAAAAAAAAAAAAAAAAAAAhkYXRhYmFzZQAQAAgAAMwxEvIAAAARAAgAAMYSLtYAAAABABQAJoB1ACaAMwAGkLMABdckAAIN+QACAENNYWNpbnRvc2ggSEQ6VXNlcnM6AGhtZzoAZWNvbjoAaG1nLXJlZnM6AGRhdGFiYXNlOgBMYW5ndGFuZ2VuMDgucGRmAAAOACIAEABMAGEAbgBnAHQAYQBuAGcAZQBuADAAOAAuAHAAZABmAA8AGgAMAE0AYQBjAGkAbgB0AG8AcwBoACAASABEABIAMVVzZXJzL2htZy9lY29uL2htZy1yZWZzL2RhdGFiYXNlL0xhbmd0YW5nZW4wOC5wZGYAABMAAS8AABUAAgAK//8AAIAG0hscHR5aJGNsYXNzbmFtZVgkY2xhc3Nlc11OU011dGFibGVEYXRhox0fIFZOU0RhdGFYTlNPYmplY3TSGxwiI1xOU0RpY3Rpb25hcnmiIiBfEA9OU0tleWVkQXJjaGl2ZXLRJidUcm9vdIABAAgAEQAaACMALQAyADcAQABGAE0AVQBgAGcAagBsAG4AcQBzAHUAdwCEAI4AvADBAMkCcQJzAngCgwKMApoCngKlAq4CswLAAsMC1QLYAt0AAAAAAAACAQAAAAAAAAAoAAAAAAAAAAAAAAAAAAAC3w==},
  bdsk-file-2 =   {YnBsaXN0MDDUAQIDBAUGJCVYJHZlcnNpb25YJG9iamVjdHNZJGFyY2hpdmVyVCR0b3ASAAGGoKgHCBMUFRYaIVUkbnVsbNMJCgsMDxJXTlMua2V5c1pOUy5vYmplY3RzViRjbGFzc6INDoACgAOiEBGABIAFgAdccmVsYXRpdmVQYXRoWWFsaWFzRGF0YV8QKy4uLy4uLy4uL2htZy1yZWZzL2RhdGFiYXNlL0xhbmd0YW5nZW4wOC50eHTSFwsYGVdOUy5kYXRhTxEBpAAAAAABpAACAAAMTWFjaW50b3NoIEhEAAAAAAAAAAAAAAAAAAAAzDEvEkgrAAAAJoB1EExhbmd0YW5nZW4wOC50eHQAAAAAAAAAAAAAAAAAAAAAAAAAAAAAAAAAAAAAAAAAAAAAAAAAAAAAAAAAAAAAAAAmhPnIf3giAAAAAAAAAAAAAwADAAAJIAAAAAAAAAAAAAAAAAAAAAhkYXRhYmFzZQAQAAgAAMwxEvIAAAARAAgAAMh/XAIAAAABABQAJoB1ACaAMwAGkLMABdckAAIN+QACAENNYWNpbnRvc2ggSEQ6VXNlcnM6AGhtZzoAZWNvbjoAaG1nLXJlZnM6AGRhdGFiYXNlOgBMYW5ndGFuZ2VuMDgudHh0AAAOACIAEABMAGEAbgBnAHQAYQBuAGcAZQBuADAAOAAuAHQAeAB0AA8AGgAMAE0AYQBjAGkAbgB0AG8AcwBoACAASABEABIAMVVzZXJzL2htZy9lY29uL2htZy1yZWZzL2RhdGFiYXNlL0xhbmd0YW5nZW4wOC50eHQAABMAAS8AABUAAgAK//8AAIAG0hscHR5aJGNsYXNzbmFtZVgkY2xhc3Nlc11OU011dGFibGVEYXRhox0fIFZOU0RhdGFYTlNPYmplY3TSGxwiI1xOU0RpY3Rpb25hcnmiIiBfEA9OU0tleWVkQXJjaGl2ZXLRJidUcm9vdIABAAgAEQAaACMALQAyADcAQABGAE0AVQBgAGcAagBsAG4AcQBzAHUAdwCEAI4AvADBAMkCcQJzAngCgwKMApoCngKlAq4CswLAAsMC1QLYAt0AAAAAAAACAQAAAAAAAAAoAAAAAAAAAAAAAAAAAAAC3w==},
  date-added =    {2009-04-20 16:06:18 +0200},
  date-modified = {2010-08-03 10:20:56 +0200}
}

@Book{Langtangen2009,
  title =         {A Primer on Scientific Programming with Python},
  publisher =     {Springer},
  year =          {2009},
  author =        {Hans Petter Langtangen},
  address =       {Berlin and Heidelberg, {Germany}},
  __markedentry = {[Radost:6]},
  date-added =    {2010-04-08 15:29:15 +0200},
  date-modified = {2010-04-08 15:43:22 +0200}
}

@Article{LeClere2010,
  author =        {Felicia {LeClere}},
  title =         {Too Many Researchers Are Reluctant to Share Their Data},
  journal =       {The Chronicle of Higher Education},
  year =          {2010},
  month =         {3 August},
  __markedentry = {[Radost:6]},
  bdsk-file-1 =   {YnBsaXN0MDDUAQIDBAUGJCVYJHZlcnNpb25YJG9iamVjdHNZJGFyY2hpdmVyVCR0b3ASAAGGoKgHCBMUFRYaIVUkbnVsbNMJCgsMDxJXTlMua2V5c1pOUy5vYmplY3RzViRjbGFzc6INDoACgAOiEBGABIAFgAdccmVsYXRpdmVQYXRoWWFsaWFzRGF0YV8QKC4uLy4uLy4uL2htZy1yZWZzL2RhdGFiYXNlL0xlQ2xlcmUxMC5wZGbSFwsYGVdOUy5kYXRhTxEBlgAAAAABlgACAAAMTWFjaW50b3NoIEhEAAAAAAAAAAAAAAAAAAAAzDEvEkgrAAAAJoB1DUxlQ2xlcmUxMC5wZGYAAAAAAAAAAAAAAAAAAAAAAAAAAAAAAAAAAAAAAAAAAAAAAAAAAAAAAAAAAAAAAAAAAAAmh6HI3IwBAAAAAAAAAAAAAwADAAAJIAAAAAAAAAAAAAAAAAAAAAhkYXRhYmFzZQAQAAgAAMwxEvIAAAARAAgAAMjcb+EAAAABABQAJoB1ACaAMwAGkLMABdckAAIN+QACAEBNYWNpbnRvc2ggSEQ6VXNlcnM6AGhtZzoAZWNvbjoAaG1nLXJlZnM6AGRhdGFiYXNlOgBMZUNsZXJlMTAucGRmAA4AHAANAEwAZQBDAGwAZQByAGUAMQAwAC4AcABkAGYADwAaAAwATQBhAGMAaQBuAHQAbwBzAGgAIABIAEQAEgAuVXNlcnMvaG1nL2Vjb24vaG1nLXJlZnMvZGF0YWJhc2UvTGVDbGVyZTEwLnBkZgATAAEvAAAVAAIACv//AACABtIbHB0eWiRjbGFzc25hbWVYJGNsYXNzZXNdTlNNdXRhYmxlRGF0YaMdHyBWTlNEYXRhWE5TT2JqZWN00hscIiNcTlNEaWN0aW9uYXJ5oiIgXxAPTlNLZXllZEFyY2hpdmVy0SYnVHJvb3SAAQAIABEAGgAjAC0AMgA3AEAARgBNAFUAYABnAGoAbABuAHEAcwB1AHcAhACOALkAvgDGAmACYgJnAnICewKJAo0ClAKdAqICrwKyAsQCxwLMAAAAAAAAAgEAAAAAAAAAKAAAAAAAAAAAAAAAAAAAAs4=},
  date-added =    {2010-10-14 10:26:54 +0200},
  date-modified = {2010-10-14 10:28:14 +0200}
}

@article{Levitt1997,
  title = {Using {{Electoral Cycles}} in {{Police Hiring}} to {{Estimate}} the {{Effect}} of {{Police}} on {{Crime}}},
  volume = {87},
  number = {3},
  journal = {American Economic Review},
  author = {Levitt, Steven D.},
  month = jun,
  year = {1997},
  pages = {270-290}
}

@article{Levitt2002,
  title = {Using {{Electoral Cycles}} in {{Police Hiring}} to {{Estimate}} the {{Effects}} of {{Police}} on {{Crime}}: {{Reply}}},
  volume = {92},
  number = {4},
  journal = {American Economic Review},
  author = {Levitt, Steven D.},
  month = sep,
  year = {2002},
  pages = {1244-1250}
}

@Article{Levitt2002a,
  author =        {Steven D. Levitt},
  title =         {Using Electoral Cycles in Police Hiring to Estimate the Effects of Police on Crime: Reply},
  journal =       {The American Economic Review},
  year =          {2002},
  volume =        {92},
  number =        {4},
  pages =         {1244-1250},
  month =         sep,
  __markedentry = {[Radost:6]},
  bdsk-file-1 =   {YnBsaXN0MDDUAQIDBAUGJCVYJHZlcnNpb25YJG9iamVjdHNZJGFyY2hpdmVyVCR0b3ASAAGGoKgHCBMUFRYaIVUkbnVsbNMJCgsMDxJXTlMua2V5c1pOUy5vYmplY3RzViRjbGFzc6INDoACgAOiEBGABIAFgAdccmVsYXRpdmVQYXRoWWFsaWFzRGF0YV8QJy4uLy4uLy4uL2htZy1yZWZzL2RhdGFiYXNlL0xldml0dDAyLnBkZtIXCxgZV05TLmRhdGFPEQGUAAAAAAGUAAIAAAxNYWNpbnRvc2ggSEQAAAAAAAAAAAAAAAAAAADMMS8SSCsAAAAmgHUMTGV2aXR0MDIucGRmAAAAAAAAAAAAAAAAAAAAAAAAAAAAAAAAAAAAAAAAAAAAAAAAAAAAAAAAAAAAAAAAAAAAACaCO8dBlLUAAAAAAAAAAAADAAMAAAkgAAAAAAAAAAAAAAAAAAAACGRhdGFiYXNlABAACAAAzDES8gAAABEACAAAx0GGpQAAAAEAFAAmgHUAJoAzAAaQswAF1yQAAg35AAIAP01hY2ludG9zaCBIRDpVc2VyczoAaG1nOgBlY29uOgBobWctcmVmczoAZGF0YWJhc2U6AExldml0dDAyLnBkZgAADgAaAAwATABlAHYAaQB0AHQAMAAyAC4AcABkAGYADwAaAAwATQBhAGMAaQBuAHQAbwBzAGgAIABIAEQAEgAtVXNlcnMvaG1nL2Vjb24vaG1nLXJlZnMvZGF0YWJhc2UvTGV2aXR0MDIucGRmAAATAAEvAAAVAAIACv//AACABtIbHB0eWiRjbGFzc25hbWVYJGNsYXNzZXNdTlNNdXRhYmxlRGF0YaMdHyBWTlNEYXRhWE5TT2JqZWN00hscIiNcTlNEaWN0aW9uYXJ5oiIgXxAPTlNLZXllZEFyY2hpdmVy0SYnVHJvb3SAAQAIABEAGgAjAC0AMgA3AEAARgBNAFUAYABnAGoAbABuAHEAcwB1AHcAhACOALgAvQDFAl0CXwJkAm8CeAKGAooCkQKaAp8CrAKvAsECxALJAAAAAAAAAgEAAAAAAAAAKAAAAAAAAAAAAAAAAAAAAss=},
  date-added =    {2009-11-27 19:03:31 +0100},
  date-modified = {2009-11-27 19:13:07 +0100}
}

@Article{Loong2007,
  author =        {Theresa Song Loong},
  title =         {The Beginner's Forest of {\LaTeX}},
  journal =       {The {Prac\TeX} Journal},
  year =          {2007},
  number =        {3},
  __markedentry = {[Radost:6]},
  bdsk-file-1 =   {YnBsaXN0MDDUAQIDBAUGJCVYJHZlcnNpb25YJG9iamVjdHNZJGFyY2hpdmVyVCR0b3ASAAGGoKgHCBMUFRYaIVUkbnVsbNMJCgsMDxJXTlMua2V5c1pOUy5vYmplY3RzViRjbGFzc6INDoACgAOiEBGABIAFgAdccmVsYXRpdmVQYXRoWWFsaWFzRGF0YV8QJi4uLy4uLy4uL2htZy1yZWZzL2RhdGFiYXNlL0xvb25nMDcucGRm0hcLGBlXTlMuZGF0YU8RAY4AAAAAAY4AAgAADE1hY2ludG9zaCBIRAAAAAAAAAAAAAAAAAAAAMwxLxJIKwAAACaAdQtMb29uZzA3LnBkZgAAAAAAAAAAAAAAAAAAAAAAAAAAAAAAAAAAAAAAAAAAAAAAAAAAAAAAAAAAAAAAAAAAAAAAJoNix+Io5wAAAAAAAAAAAAMAAwAACSAAAAAAAAAAAAAAAAAAAAAIZGF0YWJhc2UAEAAIAADMMRLyAAAAEQAIAADH4gzHAAAAAQAUACaAdQAmgDMABpCzAAXXJAACDfkAAgA+TWFjaW50b3NoIEhEOlVzZXJzOgBobWc6AGVjb246AGhtZy1yZWZzOgBkYXRhYmFzZToATG9vbmcwNy5wZGYADgAYAAsATABvAG8AbgBnADAANwAuAHAAZABmAA8AGgAMAE0AYQBjAGkAbgB0AG8AcwBoACAASABEABIALFVzZXJzL2htZy9lY29uL2htZy1yZWZzL2RhdGFiYXNlL0xvb25nMDcucGRmABMAAS8AABUAAgAK//8AAIAG0hscHR5aJGNsYXNzbmFtZVgkY2xhc3Nlc11OU011dGFibGVEYXRhox0fIFZOU0RhdGFYTlNPYmplY3TSGxwiI1xOU0RpY3Rpb25hcnmiIiBfEA9OU0tleWVkQXJjaGl2ZXLRJidUcm9vdIABAAgAEQAaACMALQAyADcAQABGAE0AVQBgAGcAagBsAG4AcQBzAHUAdwCEAI4AtwC8AMQCVgJYAl0CaAJxAn8CgwKKApMCmAKlAqgCugK9AsIAAAAAAAACAQAAAAAAAAAoAAAAAAAAAAAAAAAAAAACxA==},
  date-added =    {2010-04-07 12:07:16 +0200},
  date-modified = {2010-04-07 12:08:25 +0200}
}

@Book{Lutz2007,
  title =         {Learning Python},
  publisher =     {O'Reilly Media},
  year =          {2007},
  author =        {Mark Lutz},
  edition =       {3},
  __markedentry = {[Radost:6]},
  bdsk-file-1 =   {YnBsaXN0MDDUAQIDBAUGJCVYJHZlcnNpb25YJG9iamVjdHNZJGFyY2hpdmVyVCR0b3ASAAGGoKgHCBMUFRYaIVUkbnVsbNMJCgsMDxJXTlMua2V5c1pOUy5vYmplY3RzViRjbGFzc6INDoACgAOiEBGABIAFgAdccmVsYXRpdmVQYXRoWWFsaWFzRGF0YV8QJS4uLy4uLy4uL2htZy1yZWZzL2RhdGFiYXNlL0x1dHowNy5wZGbSFwsYGVdOUy5kYXRhTxEBjAAAAAABjAACAAAMTWFjaW50b3NoIEhEAAAAAAAAAAAAAAAAAAAAzDEvEkgrAAAAJoB1Ckx1dHowNy5wZGYAAAAAAAAAAAAAAAAAAAAAAAAAAAAAAAAAAAAAAAAAAAAAAAAAAAAAAAAAAAAAAAAAAAAAAAAmgnHGEkr2AAAAAAAAAAAAAwADAAAJIAAAAAAAAAAAAAAAAAAAAAhkYXRhYmFzZQAQAAgAAMwxEvIAAAARAAgAAMYSLtYAAAABABQAJoB1ACaAMwAGkLMABdckAAIN+QACAD1NYWNpbnRvc2ggSEQ6VXNlcnM6AGhtZzoAZWNvbjoAaG1nLXJlZnM6AGRhdGFiYXNlOgBMdXR6MDcucGRmAAAOABYACgBMAHUAdAB6ADAANwAuAHAAZABmAA8AGgAMAE0AYQBjAGkAbgB0AG8AcwBoACAASABEABIAK1VzZXJzL2htZy9lY29uL2htZy1yZWZzL2RhdGFiYXNlL0x1dHowNy5wZGYAABMAAS8AABUAAgAK//8AAIAG0hscHR5aJGNsYXNzbmFtZVgkY2xhc3Nlc11OU011dGFibGVEYXRhox0fIFZOU0RhdGFYTlNPYmplY3TSGxwiI1xOU0RpY3Rpb25hcnmiIiBfEA9OU0tleWVkQXJjaGl2ZXLRJidUcm9vdIABAAgAEQAaACMALQAyADcAQABGAE0AVQBgAGcAagBsAG4AcQBzAHUAdwCEAI4AtgC7AMMCUwJVAloCZQJuAnwCgAKHApAClQKiAqUCtwK6Ar8AAAAAAAACAQAAAAAAAAAoAAAAAAAAAAAAAAAAAAACwQ==},
  date-added =    {2009-04-20 16:07:53 +0200},
  date-modified = {2009-04-20 16:08:26 +0200}
}

@article{McCrary2002,
  title = {Using {{Electoral Cycles}} in {{Police Hiring}} to {{Estimate}} the {{Effect}} of {{Police}} on {{Crime}}: {{Comment}}},
  volume = {92},
  number = {4},
  journal = {American Economic Review},
  author = {McCrary, Justin},
  month = sep,
  year = {2002},
  pages = {1236-1243}
}

@Article{McCrary2002a,
  author =        {Justin {McCrary}},
  title =         {Using Electoral Cycles in Police Hiring to Estimate the Effect of Police on Crime: Comment},
  journal =       {The American Economic Review},
  year =          {2002},
  volume =        {92},
  number =        {4},
  pages =         {1236-1243},
  month =         sep,
  __markedentry = {[Radost:6]},
  bdsk-file-1 =   {YnBsaXN0MDDUAQIDBAUGJCVYJHZlcnNpb25YJG9iamVjdHNZJGFyY2hpdmVyVCR0b3ASAAGGoKgHCBMUFRYaIVUkbnVsbNMJCgsMDxJXTlMua2V5c1pOUy5vYmplY3RzViRjbGFzc6INDoACgAOiEBGABIAFgAdccmVsYXRpdmVQYXRoWWFsaWFzRGF0YV8QKC4uLy4uLy4uL2htZy1yZWZzL2RhdGFiYXNlL01jQ3JhcnkwMi5wZGbSFwsYGVdOUy5kYXRhTxEBlgAAAAABlgACAAAMTWFjaW50b3NoIEhEAAAAAAAAAAAAAAAAAAAAzDEvEkgrAAAAJoB1DU1jQ3JhcnkwMi5wZGYAAAAAAAAAAAAAAAAAAAAAAAAAAAAAAAAAAAAAAAAAAAAAAAAAAAAAAAAAAAAAAAAAAAAmgNfJgaG1AAAAAAAAAAAAAwADAAAJIAAAAAAAAAAAAAAAAAAAAAhkYXRhYmFzZQAQAAgAAMwxEvIAAAARAAgAAMmBk6UAAAABABQAJoB1ACaAMwAGkLMABdckAAIN+QACAEBNYWNpbnRvc2ggSEQ6VXNlcnM6AGhtZzoAZWNvbjoAaG1nLXJlZnM6AGRhdGFiYXNlOgBNY0NyYXJ5MDIucGRmAA4AHAANAE0AYwBDAHIAYQByAHkAMAAyAC4AcABkAGYADwAaAAwATQBhAGMAaQBuAHQAbwBzAGgAIABIAEQAEgAuVXNlcnMvaG1nL2Vjb24vaG1nLXJlZnMvZGF0YWJhc2UvTWNDcmFyeTAyLnBkZgATAAEvAAAVAAIACv//AACABtIbHB0eWiRjbGFzc25hbWVYJGNsYXNzZXNdTlNNdXRhYmxlRGF0YaMdHyBWTlNEYXRhWE5TT2JqZWN00hscIiNcTlNEaWN0aW9uYXJ5oiIgXxAPTlNLZXllZEFyY2hpdmVy0SYnVHJvb3SAAQAIABEAGgAjAC0AMgA3AEAARgBNAFUAYABnAGoAbABuAHEAcwB1AHcAhACOALkAvgDGAmACYgJnAnICewKJAo0ClAKdAqICrwKyAsQCxwLMAAAAAAAAAgEAAAAAAAAAKAAAAAAAAAAAAAAAAAAAAs4=},
  date-added =    {2009-11-27 19:03:31 +0100},
  date-modified = {2009-11-27 19:14:00 +0100}
}

@Article{McCullough2007,
  author =        {B. D. {McCullough}},
  title =         {Got Replicability? {The} \emph{Journal of Money, Credit and Banking Archive}},
  journal =       {Econ Journal Watch},
  year =          {2007},
  volume =        {4},
  number =        {3},
  pages =         {326-337},
  month =         {September},
  __markedentry = {[Radost:6]},
  bdsk-file-1 =   {YnBsaXN0MDDUAQIDBAUGJCVYJHZlcnNpb25YJG9iamVjdHNZJGFyY2hpdmVyVCR0b3ASAAGGoKgHCBMUFRYaIVUkbnVsbNMJCgsMDxJXTlMua2V5c1pOUy5vYmplY3RzViRjbGFzc6INDoACgAOiEBGABIAFgAdccmVsYXRpdmVQYXRoWWFsaWFzRGF0YV8QKy4uLy4uLy4uL2htZy1yZWZzL2RhdGFiYXNlL01jQ3VsbG91Z2gwNy5wZGbSFwsYGVdOUy5kYXRhTxEBpAAAAAABpAACAAAMTWFjaW50b3NoIEhEAAAAAAAAAAAAAAAAAAAAzDEvEkgrAAAAJoB1EE1jQ3VsbG91Z2gwNy5wZGYAAAAAAAAAAAAAAAAAAAAAAAAAAAAAAAAAAAAAAAAAAAAAAAAAAAAAAAAAAAAAAAAmhFrH4ijnAAAAAAAAAAAAAwADAAAJIAAAAAAAAAAAAAAAAAAAAAhkYXRhYmFzZQAQAAgAAMwxEvIAAAARAAgAAMfiDMcAAAABABQAJoB1ACaAMwAGkLMABdckAAIN+QACAENNYWNpbnRvc2ggSEQ6VXNlcnM6AGhtZzoAZWNvbjoAaG1nLXJlZnM6AGRhdGFiYXNlOgBNY0N1bGxvdWdoMDcucGRmAAAOACIAEABNAGMAQwB1AGwAbABvAHUAZwBoADAANwAuAHAAZABmAA8AGgAMAE0AYQBjAGkAbgB0AG8AcwBoACAASABEABIAMVVzZXJzL2htZy9lY29uL2htZy1yZWZzL2RhdGFiYXNlL01jQ3VsbG91Z2gwNy5wZGYAABMAAS8AABUAAgAK//8AAIAG0hscHR5aJGNsYXNzbmFtZVgkY2xhc3Nlc11OU011dGFibGVEYXRhox0fIFZOU0RhdGFYTlNPYmplY3TSGxwiI1xOU0RpY3Rpb25hcnmiIiBfEA9OU0tleWVkQXJjaGl2ZXLRJidUcm9vdIABAAgAEQAaACMALQAyADcAQABGAE0AVQBgAGcAagBsAG4AcQBzAHUAdwCEAI4AvADBAMkCcQJzAngCgwKMApoCngKlAq4CswLAAsMC1QLYAt0AAAAAAAACAQAAAAAAAAAoAAAAAAAAAAAAAAAAAAAC3w==},
  date-added =    {2010-04-07 10:31:23 +0200},
  date-modified = {2010-04-07 10:32:22 +0200}
}

@Article{McCullough2008,
  author =        {B. D. {McCullough}},
  title =         {Special section on {Microsoft Excel 2007}},
  journal =       {Computational Statistics \& Data Analysis},
  year =          {2008},
  volume =        {52},
  number =        {10},
  pages =         {4568-4569},
  month =         jun,
  __markedentry = {[Radost:6]},
  bdsk-file-1 =   {YnBsaXN0MDDUAQIDBAUGJCVYJHZlcnNpb25YJG9iamVjdHNZJGFyY2hpdmVyVCR0b3ASAAGGoKgHCBMUFRYaIVUkbnVsbNMJCgsMDxJXTlMua2V5c1pOUy5vYmplY3RzViRjbGFzc6INDoACgAOiEBGABIAFgAdccmVsYXRpdmVQYXRoWWFsaWFzRGF0YV8QKy4uLy4uLy4uL2htZy1yZWZzL2RhdGFiYXNlL01jQ3VsbG91Z2gwOC5wZGbSFwsYGVdOUy5kYXRhTxEBpAAAAAABpAACAAAMTWFjaW50b3NoIEhEAAAAAAAAAAAAAAAAAAAAzDEvEkgrAAAAJoB1EE1jQ3VsbG91Z2gwOC5wZGYAAAAAAAAAAAAAAAAAAAAAAAAAAAAAAAAAAAAAAAAAAAAAAAAAAAAAAAAAAAAAAAAmhOPH4ijnAAAAAAAAAAAAAwADAAAJIAAAAAAAAAAAAAAAAAAAAAhkYXRhYmFzZQAQAAgAAMwxEvIAAAARAAgAAMfiDMcAAAABABQAJoB1ACaAMwAGkLMABdckAAIN+QACAENNYWNpbnRvc2ggSEQ6VXNlcnM6AGhtZzoAZWNvbjoAaG1nLXJlZnM6AGRhdGFiYXNlOgBNY0N1bGxvdWdoMDgucGRmAAAOACIAEABNAGMAQwB1AGwAbABvAHUAZwBoADAAOAAuAHAAZABmAA8AGgAMAE0AYQBjAGkAbgB0AG8AcwBoACAASABEABIAMVVzZXJzL2htZy9lY29uL2htZy1yZWZzL2RhdGFiYXNlL01jQ3VsbG91Z2gwOC5wZGYAABMAAS8AABUAAgAK//8AAIAG0hscHR5aJGNsYXNzbmFtZVgkY2xhc3Nlc11OU011dGFibGVEYXRhox0fIFZOU0RhdGFYTlNPYmplY3TSGxwiI1xOU0RpY3Rpb25hcnmiIiBfEA9OU0tleWVkQXJjaGl2ZXLRJidUcm9vdIABAAgAEQAaACMALQAyADcAQABGAE0AVQBgAGcAagBsAG4AcQBzAHUAdwCEAI4AvADBAMkCcQJzAngCgwKMApoCngKlAq4CswLAAsMC1QLYAt0AAAAAAAACAQAAAAAAAAAoAAAAAAAAAAAAAAAAAAAC3w==},
  date-added =    {2010-04-07 11:13:54 +0200},
  date-modified = {2010-04-07 11:14:24 +0200}
}

@article{McCullough2009,
  title = {Open {{Access Economics Journals}} and the {{Market}} for {{Reproducible Economic Research}}},
  volume = {39},
  number = {1},
  journal = {Economic Analysis \& Policy},
  author = {McCullough, B. D.},
  month = mar,
  year = {2009},
  pages = {117-126}
}

@article{McCulloughVinod2003,
  title = {Verifying the {{Solution}} from a {{Nonlinear Solver}}: {{A Case Study}}},
  volume = {93},
  number = {3},
  journal = {American Economic Review},
  author = {McCullough, B. D. and Vinod, Hrishikesh D.},
  month = jun,
  year = {2003},
  pages = {873-892}
}

@Article{McCulloughVinod2003a,
  author =        {B. D. {McCullough} and Hrishikesh D. Vinod},
  title =         {Verifying the Solution from a Nonlinear Solver: A Case Study},
  journal =       {American Economic Review},
  year =          {2003},
  volume =        {93},
  number =        {3},
  pages =         {873-892},
  month =         {June},
  __markedentry = {[Radost:6]},
  bdsk-file-1 =   {YnBsaXN0MDDUAQIDBAUGJCVYJHZlcnNpb25YJG9iamVjdHNZJGFyY2hpdmVyVCR0b3ASAAGGoKgHCBMUFRYaIVUkbnVsbNMJCgsMDxJXTlMua2V5c1pOUy5vYmplY3RzViRjbGFzc6INDoACgAOiEBGABIAFgAdccmVsYXRpdmVQYXRoWWFsaWFzRGF0YV8QMC4uLy4uLy4uL2htZy1yZWZzL2RhdGFiYXNlL01jQ3VsbG91Z2hWaW5vZDAzLnBkZtIXCxgZV05TLmRhdGFPEQG2AAAAAAG2AAIAAAxNYWNpbnRvc2ggSEQAAAAAAAAAAAAAAAAAAADMMS8SSCsAAAAmgHUVTWNDdWxsb3VnaFZpbm9kMDMucGRmAAAAAAAAAAAAAAAAAAAAAAAAAAAAAAAAAAAAAAAAAAAAAAAAAAAAAAAAACaD/MfhJEIAAAAAAAAAAAADAAMAAAkgAAAAAAAAAAAAAAAAAAAACGRhdGFiYXNlABAACAAAzDES8gAAABEACAAAx+EIIgAAAAEAFAAmgHUAJoAzAAaQswAF1yQAAg35AAIASE1hY2ludG9zaCBIRDpVc2VyczoAaG1nOgBlY29uOgBobWctcmVmczoAZGF0YWJhc2U6AE1jQ3VsbG91Z2hWaW5vZDAzLnBkZgAOACwAFQBNAGMAQwB1AGwAbABvAHUAZwBoAFYAaQBuAG8AZAAwADMALgBwAGQAZgAPABoADABNAGEAYwBpAG4AdABvAHMAaAAgAEgARAASADZVc2Vycy9obWcvZWNvbi9obWctcmVmcy9kYXRhYmFzZS9NY0N1bGxvdWdoVmlub2QwMy5wZGYAEwABLwAAFQACAAr//wAAgAbSGxwdHlokY2xhc3NuYW1lWCRjbGFzc2VzXU5TTXV0YWJsZURhdGGjHR8gVk5TRGF0YVhOU09iamVjdNIbHCIjXE5TRGljdGlvbmFyeaIiIF8QD05TS2V5ZWRBcmNoaXZlctEmJ1Ryb290gAEACAARABoAIwAtADIANwBAAEYATQBVAGAAZwBqAGwAbgBxAHMAdQB3AIQAjgDBAMYAzgKIAooCjwKaAqMCsQK1ArwCxQLKAtcC2gLsAu8C9AAAAAAAAAIBAAAAAAAAACgAAAAAAAAAAAAAAAAAAAL2},
  date-added =    {2010-04-06 17:23:46 +0200},
  date-modified = {2013-04-18 14:28:04 +0000}
}

@Article{Merali2010,
  author =        {Zeeya Merali},
  title =         {Computational science: ...Error},
  journal =       {Nature},
  year =          {2010},
  volume =        {467},
  pages =         {775-777},
  __markedentry = {[Radost:6]},
  bdsk-file-1 =   {YnBsaXN0MDDUAQIDBAUGJCVYJHZlcnNpb25YJG9iamVjdHNZJGFyY2hpdmVyVCR0b3ASAAGGoKgHCBMUFRYaIVUkbnVsbNMJCgsMDxJXTlMua2V5c1pOUy5vYmplY3RzViRjbGFzc6INDoACgAOiEBGABIAFgAdccmVsYXRpdmVQYXRoWWFsaWFzRGF0YV8QJy4uLy4uLy4uL2htZy1yZWZzL2RhdGFiYXNlL01lcmFsaTEwLnBkZtIXCxgZV05TLmRhdGFPEQGUAAAAAAGUAAIAAAxNYWNpbnRvc2ggSEQAAAAAAAAAAAAAAAAAAADMMS8SSCsAAAAmgHUMTWVyYWxpMTAucGRmAAAAAAAAAAAAAAAAAAAAAAAAAAAAAAAAAAAAAAAAAAAAAAAAAAAAAAAAAAAAAAAAAAAAACaHYsjcihgAAAAAAAAAAAADAAMAAAkgAAAAAAAAAAAAAAAAAAAACGRhdGFiYXNlABAACAAAzDES8gAAABEACAAAyNxt+AAAAAEAFAAmgHUAJoAzAAaQswAF1yQAAg35AAIAP01hY2ludG9zaCBIRDpVc2VyczoAaG1nOgBlY29uOgBobWctcmVmczoAZGF0YWJhc2U6AE1lcmFsaTEwLnBkZgAADgAaAAwATQBlAHIAYQBsAGkAMQAwAC4AcABkAGYADwAaAAwATQBhAGMAaQBuAHQAbwBzAGgAIABIAEQAEgAtVXNlcnMvaG1nL2Vjb24vaG1nLXJlZnMvZGF0YWJhc2UvTWVyYWxpMTAucGRmAAATAAEvAAAVAAIACv//AACABtIbHB0eWiRjbGFzc25hbWVYJGNsYXNzZXNdTlNNdXRhYmxlRGF0YaMdHyBWTlNEYXRhWE5TT2JqZWN00hscIiNcTlNEaWN0aW9uYXJ5oiIgXxAPTlNLZXllZEFyY2hpdmVy0SYnVHJvb3SAAQAIABEAGgAjAC0AMgA3AEAARgBNAFUAYABnAGoAbABuAHEAcwB1AHcAhACOALgAvQDFAl0CXwJkAm8CeAKGAooCkQKaAp8CrAKvAsECxALJAAAAAAAAAgEAAAAAAAAAKAAAAAAAAAAAAAAAAAAAAss=},
  date-added =    {2010-10-14 10:15:43 +0200},
  date-modified = {2010-10-14 10:16:28 +0200}
}

@Book{Nagy2017,
  title =         {The Waf Book},
  publisher =     {Available at \url{https://waf.io/book/}},
  year =          {2017},
  author =        {Thomas Nagy},
  __markedentry = {[Radost:6]},
  bdsk-file-1 =   {YnBsaXN0MDDUAQIDBAUGJCVYJHZlcnNpb25YJG9iamVjdHNZJGFyY2hpdmVyVCR0b3ASAAGGoKgHCBMUFRYaIVUkbnVsbNMJCgsMDxJXTlMua2V5c1pOUy5vYmplY3RzViRjbGFzc6INDoACgAOiEBGABIAFgAdccmVsYXRpdmVQYXRoWWFsaWFzRGF0YV8QJi4uLy4uLy4uL2htZy1yZWZzL2RhdGFiYXNlL05hZ3kxM0EucGRm0hcLGBlXTlMuZGF0YU8RAY4AAAAAAY4AAgAADE1hY2ludG9zaCBIRAAAAAAAAAAAAAAAAAAAAMwxLxJIKwAAACaAdQtOYWd5MTNBLnBkZgAAAAAAAAAAAAAAAAAAAAAAAAAAAAAAAAAAAAAAAAAAAAAAAAAAAAAAAAAAAAAAAAAAAAAASH23zThLyQAAAAAAAAAAAAMAAwAACSAAAAAAAAAAAAAAAAAAAAAIZGF0YWJhc2UAEAAIAADMMRLyAAAAEQAIAADNOD25AAAAAQAUACaAdQAmgDMABpCzAAXXJAACDfkAAgA+TWFjaW50b3NoIEhEOlVzZXJzOgBobWc6AGVjb246AGhtZy1yZWZzOgBkYXRhYmFzZToATmFneTEzQS5wZGYADgAYAAsATgBhAGcAeQAxADMAQQAuAHAAZABmAA8AGgAMAE0AYQBjAGkAbgB0AG8AcwBoACAASABEABIALFVzZXJzL2htZy9lY29uL2htZy1yZWZzL2RhdGFiYXNlL05hZ3kxM0EucGRmABMAAS8AABUAAgAK//8AAIAG0hscHR5aJGNsYXNzbmFtZVgkY2xhc3Nlc11OU011dGFibGVEYXRhox0fIFZOU0RhdGFYTlNPYmplY3TSGxwiI1xOU0RpY3Rpb25hcnmiIiBfEA9OU0tleWVkQXJjaGl2ZXLRJidUcm9vdIABAAgAEQAaACMALQAyADcAQABGAE0AVQBgAGcAagBsAG4AcQBzAHUAdwCEAI4AtwC8AMQCVgJYAl0CaAJxAn8CgwKKApMCmAKlAqgCugK9AsIAAAAAAAACAQAAAAAAAAAoAAAAAAAAAAAAAAAAAAACxA==},
  date-added =    {2011-03-14 12:16:48 +0100},
  date-modified = {2013-02-06 17:03:11 +0000}
}

@Book{Nagy2019,
  title =     {The {{Waf Book}}},
  publisher = {https://waf.io/book/},
  year =      {2019},
  author =    {Nagy, Thomas}
}

@Article{nullRS2010,
  author =        {{Yale Law School Roundtable on Data and Code Sharing}},
  title =         {Reproducible Research: Addressing the Need for Data and Code Sharing in Computational Science},
  journal =       {Computing in Science and Engineering},
  year =          {2010},
  volume =        {12},
  number =        {5},
  pages =         {8-13},
  month =         {September/October},
  __markedentry = {[Radost:6]},
  bdsk-file-1 =   {YnBsaXN0MDDUAQIDBAUGJCVYJHZlcnNpb25YJG9iamVjdHNZJGFyY2hpdmVyVCR0b3ASAAGGoKgHCBMUFRYaIVUkbnVsbNMJCgsMDxJXTlMua2V5c1pOUy5vYmplY3RzViRjbGFzc6INDoACgAOiEBGABIAFgAdccmVsYXRpdmVQYXRoWWFsaWFzRGF0YV8QLy4uLy4uLy4uL2htZy1yZWZzL2RhdGFiYXNlL1lhbGVSb3VuZHRhYmxlMTAucGRm0hcLGBlXTlMuZGF0YU8RAbQAAAAAAbQAAgAADE1hY2ludG9zaCBIRAAAAAAAAAAAAAAAAAAAAMwxLxJIKwAAACaAdRRZYWxlUm91bmR0YWJsZTEwLnBkZgAAAAAAAAAAAAAAAAAAAAAAAAAAAAAAAAAAAAAAAAAAAAAAAAAAAAAAAAAAJogIyO8NJQAAAAAAAAAAAAMAAwAACSAAAAAAAAAAAAAAAAAAAAAIZGF0YWJhc2UAEAAIAADMMRLyAAAAEQAIAADI7vEFAAAAAQAUACaAdQAmgDMABpCzAAXXJAACDfkAAgBHTWFjaW50b3NoIEhEOlVzZXJzOgBobWc6AGVjb246AGhtZy1yZWZzOgBkYXRhYmFzZToAWWFsZVJvdW5kdGFibGUxMC5wZGYAAA4AKgAUAFkAYQBsAGUAUgBvAHUAbgBkAHQAYQBiAGwAZQAxADAALgBwAGQAZgAPABoADABNAGEAYwBpAG4AdABvAHMAaAAgAEgARAASADVVc2Vycy9obWcvZWNvbi9obWctcmVmcy9kYXRhYmFzZS9ZYWxlUm91bmR0YWJsZTEwLnBkZgAAEwABLwAAFQACAAr//wAAgAbSGxwdHlokY2xhc3NuYW1lWCRjbGFzc2VzXU5TTXV0YWJsZURhdGGjHR8gVk5TRGF0YVhOU09iamVjdNIbHCIjXE5TRGljdGlvbmFyeaIiIF8QD05TS2V5ZWRBcmNoaXZlctEmJ1Ryb290gAEACAARABoAIwAtADIANwBAAEYATQBVAGAAZwBqAGwAbgBxAHMAdQB3AIQAjgDAAMUAzQKFAocCjAKXAqACrgKyArkCwgLHAtQC1wLpAuwC8QAAAAAAAAIBAAAAAAAAACgAAAAAAAAAAAAAAAAAAALz},
  date-added =    {2010-10-28 11:17:54 +0200},
  date-modified = {2010-10-28 11:20:02 +0200}
}

@Article{Panko1998/2008,
  author =        {Raymond R. Panko},
  title =         {What We Know About Spreadsheet Errors},
  journal =       {Journal of End User Computing},
  year =          {1998/2008},
  volume =        {10},
  number =        {2},
  pages =         {15-21},
  month =         {Spring},
  note =          {Revised version 2008 available at \url{http://panko.shidler.hawaii.edu/ssr/Mypapers/whatknow.htm}},
  __markedentry = {[Radost:6]},
  bdsk-file-1 =   {YnBsaXN0MDDUAQIDBAUGJCVYJHZlcnNpb25YJG9iamVjdHNZJGFyY2hpdmVyVCR0b3ASAAGGoKgHCBMUFRYaIVUkbnVsbNMJCgsMDxJXTlMua2V5c1pOUy5vYmplY3RzViRjbGFzc6INDoACgAOiEBGABIAFgAdccmVsYXRpdmVQYXRoWWFsaWFzRGF0YV8QJi4uLy4uLy4uL2htZy1yZWZzL2RhdGFiYXNlL1BhbmtvOTgucGRm0hcLGBlXTlMuZGF0YU8RAY4AAAAAAY4AAgAADE1hY2ludG9zaCBIRAAAAAAAAAAAAAAAAAAAAMwxLxJIKwAAACaAdQtQYW5rbzk4LnBkZgAAAAAAAAAAAAAAAAAAAAAAAAAAAAAAAAAAAAAAAAAAAAAAAAAAAAAAAAAAAAAAAAAAAAAAJoUYx0GUtQAAAAAAAAAAAAMAAwAACSAAAAAAAAAAAAAAAAAAAAAIZGF0YWJhc2UAEAAIAADMMRLyAAAAEQAIAADHQYalAAAAAQAUACaAdQAmgDMABpCzAAXXJAACDfkAAgA+TWFjaW50b3NoIEhEOlVzZXJzOgBobWc6AGVjb246AGhtZy1yZWZzOgBkYXRhYmFzZToAUGFua285OC5wZGYADgAYAAsAUABhAG4AawBvADkAOAAuAHAAZABmAA8AGgAMAE0AYQBjAGkAbgB0AG8AcwBoACAASABEABIALFVzZXJzL2htZy9lY29uL2htZy1yZWZzL2RhdGFiYXNlL1BhbmtvOTgucGRmABMAAS8AABUAAgAK//8AAIAG0hscHR5aJGNsYXNzbmFtZVgkY2xhc3Nlc11OU011dGFibGVEYXRhox0fIFZOU0RhdGFYTlNPYmplY3TSGxwiI1xOU0RpY3Rpb25hcnmiIiBfEA9OU0tleWVkQXJjaGl2ZXLRJidUcm9vdIABAAgAEQAaACMALQAyADcAQABGAE0AVQBgAGcAagBsAG4AcQBzAHUAdwCEAI4AtwC8AMQCVgJYAl0CaAJxAn8CgwKKApMCmAKlAqgCugK9AsIAAAAAAAACAQAAAAAAAAAoAAAAAAAAAAAAAAAAAAACxA==},
  date-added =    {2009-11-27 18:10:32 +0100},
  date-modified = {2009-11-27 18:12:29 +0100}
}

@Article{Rothstein2007,
  author =        {Jesse Rothstein},
  title =         {Does Competition Among Public Schools Benefit Students and Taxpayers? {Comment}},
  journal =       {American Economic Review},
  year =          {2007},
  volume =        {97},
  number =        {5},
  pages =         {2026-2037},
  month =         {December},
  __markedentry = {[Radost:6]},
  bdsk-file-1 =   {YnBsaXN0MDDUAQIDBAUGJCVYJHZlcnNpb25YJG9iamVjdHNZJGFyY2hpdmVyVCR0b3ASAAGGoKgHCBMUFRYaIVUkbnVsbNMJCgsMDxJXTlMua2V5c1pOUy5vYmplY3RzViRjbGFzc6INDoACgAOiEBGABIAFgAdccmVsYXRpdmVQYXRoWWFsaWFzRGF0YV8QMS4uLy4uLy4uL2htZy1yZWZzL2RhdGFiYXNlL1JvdGhzdGVpbjA3Y29tbWVudC5wZGbSFwsYGVdOUy5kYXRhTxEBvAAAAAABvAACAAAMTWFjaW50b3NoIEhEAAAAAAAAAAAAAAAAAAAAzDEvEkgrAAAAJoB1FlJvdGhzdGVpbjA3Y29tbWVudC5wZGYAAAAAAAAAAAAAAAAAAAAAAAAAAAAAAAAAAAAAAAAAAAAAAAAAAAAAAAAmg8HHH1lFAAAAAAAAAAAAAwADAAAJIAAAAAAAAAAAAAAAAAAAAAhkYXRhYmFzZQAQAAgAAMwxEvIAAAARAAgAAMcfSzUAAAABABQAJoB1ACaAMwAGkLMABdckAAIN+QACAElNYWNpbnRvc2ggSEQ6VXNlcnM6AGhtZzoAZWNvbjoAaG1nLXJlZnM6AGRhdGFiYXNlOgBSb3Roc3RlaW4wN2NvbW1lbnQucGRmAAAOAC4AFgBSAG8AdABoAHMAdABlAGkAbgAwADcAYwBvAG0AbQBlAG4AdAAuAHAAZABmAA8AGgAMAE0AYQBjAGkAbgB0AG8AcwBoACAASABEABIAN1VzZXJzL2htZy9lY29uL2htZy1yZWZzL2RhdGFiYXNlL1JvdGhzdGVpbjA3Y29tbWVudC5wZGYAABMAAS8AABUAAgAK//8AAIAG0hscHR5aJGNsYXNzbmFtZVgkY2xhc3Nlc11OU011dGFibGVEYXRhox0fIFZOU0RhdGFYTlNPYmplY3TSGxwiI1xOU0RpY3Rpb25hcnmiIiBfEA9OU0tleWVkQXJjaGl2ZXLRJidUcm9vdIABAAgAEQAaACMALQAyADcAQABGAE0AVQBgAGcAagBsAG4AcQBzAHUAdwCEAI4AwgDHAM8CjwKRApYCoQKqArgCvALDAswC0QLeAuEC8wL2AvsAAAAAAAACAQAAAAAAAAAoAAAAAAAAAAAAAAAAAAAC/Q==},
  date-added =    {2009-11-10 16:58:11 +0100},
  date-modified = {2009-11-10 17:00:17 +0100}
}

@article{Rothstein2007comment,
  title = {Does {{Competition}} among {{Public Schools Benefit Students}} and {{Taxpayers}}? {{Comment}}},
  volume = {97},
  number = {5},
  journal = {American Economic Review},
  author = {Rothstein, Jesse},
  month = dec,
  year = {2007},
  pages = {2026-2037}
}

@unpublished{Rothstein2007rejoinder,
  title = {Rejoinder to {{Hoxby}}},
  author = {Rothstein, Jesse},
  month = nov,
  year = {2007},
  note = {Available at http://gsppi.berkeley.edu/faculty/jrothstein/hoxby/rejoinder.pdf}
}

@article{Schelling1969,
  title = {Models of {{Segregation}}},
  volume = {59},
  number = {2},
  journal = {American Economic Review},
  author = {Schelling, Thomas C.},
  year = {1969},
  pages = {488-493}
}

@Article{Schelling1969a,
  author =        {Thomas C. Schelling},
  title =         {Models of Segregation},
  journal =       {The American Economic Review},
  year =          {1969},
  volume =        {59},
  number =        {2},
  pages =         {488-493},
  __markedentry = {[Radost:6]},
  bdsk-file-1 =   {YnBsaXN0MDDUAQIDBAUGJCVYJHZlcnNpb25YJG9iamVjdHNZJGFyY2hpdmVyVCR0b3ASAAGGoKgHCBMUFRYaIVUkbnVsbNMJCgsMDxJXTlMua2V5c1pOUy5vYmplY3RzViRjbGFzc6INDoACgAOiEBGABIAFgAdccmVsYXRpdmVQYXRoWWFsaWFzRGF0YV8QKy4uLy4uLy4uL2htZy1yZWZzL2RhdGFiYXNlL1NjaGVsbGluZzY5QS5wZGbSFwsYGVdOUy5kYXRhTxEBpAAAAAABpAACAAAMTWFjaW50b3NoIEhEAAAAAAAAAAAAAAAAAAAAzDEvEkgrAAAAJoB1EFNjaGVsbGluZzY5QS5wZGYAAAAAAAAAAAAAAAAAAAAAAAAAAAAAAAAAAAAAAAAAAAAAAAAAAAAAAAAAAAAAAADQGJrOzQBLAAAAAAAAAAAAAwADAAAJIAAAAAAAAAAAAAAAAAAAAAhkYXRhYmFzZQAQAAgAAMwxEvIAAAARAAgAAM7M8jsAAAABABQAJoB1ACaAMwAGkLMABdckAAIN+QACAENNYWNpbnRvc2ggSEQ6VXNlcnM6AGhtZzoAZWNvbjoAaG1nLXJlZnM6AGRhdGFiYXNlOgBTY2hlbGxpbmc2OUEucGRmAAAOACIAEABTAGMAaABlAGwAbABpAG4AZwA2ADkAQQAuAHAAZABmAA8AGgAMAE0AYQBjAGkAbgB0AG8AcwBoACAASABEABIAMVVzZXJzL2htZy9lY29uL2htZy1yZWZzL2RhdGFiYXNlL1NjaGVsbGluZzY5QS5wZGYAABMAAS8AABUAAgAK//8AAIAG0hscHR5aJGNsYXNzbmFtZVgkY2xhc3Nlc11OU011dGFibGVEYXRhox0fIFZOU0RhdGFYTlNPYmplY3TSGxwiI1xOU0RpY3Rpb25hcnmiIiBfEA9OU0tleWVkQXJjaGl2ZXLRJidUcm9vdIABAAgAEQAaACMALQAyADcAQABGAE0AVQBgAGcAagBsAG4AcQBzAHUAdwCEAI4AvADBAMkCcQJzAngCgwKMApoCngKlAq4CswLAAsMC1QLYAt0AAAAAAAACAQAAAAAAAAAoAAAAAAAAAAAAAAAAAAAC3w==},
  date-added =    {2013-12-10 16:30:12 +0000},
  date-modified = {2013-12-10 16:30:35 +0000}
}

@Unpublished{Segal2008,
  author =        {Judith Segal},
  title =         {Scientists and Software Engineers: A Tale of Two Cultures.},
  note =          {Proceedings of the Psychology of Programming Interest Group, {University of Lancaster, UK}},
  month =         {September},
  year =          {2008},
  __markedentry = {[Radost:6]},
  bdsk-file-1 =   {YnBsaXN0MDDUAQIDBAUGJCVYJHZlcnNpb25YJG9iamVjdHNZJGFyY2hpdmVyVCR0b3ASAAGGoKgHCBMUFRYaIVUkbnVsbNMJCgsMDxJXTlMua2V5c1pOUy5vYmplY3RzViRjbGFzc6INDoACgAOiEBGABIAFgAdccmVsYXRpdmVQYXRoWWFsaWFzRGF0YV8QJi4uLy4uLy4uL2htZy1yZWZzL2RhdGFiYXNlL1NlZ2FsMDgucGRm0hcLGBlXTlMuZGF0YU8RAY4AAAAAAY4AAgAADE1hY2ludG9zaCBIRAAAAAAAAAAAAAAAAAAAAMwxLxJIKwAAACaAdQtTZWdhbDA4LnBkZgAAAAAAAAAAAAAAAAAAAAAAAAAAAAAAAAAAAAAAAAAAAAAAAAAAAAAAAAAAAAAAAAAAAAAAJoWhx+Io5wAAAAAAAAAAAAMAAwAACSAAAAAAAAAAAAAAAAAAAAAIZGF0YWJhc2UAEAAIAADMMRLyAAAAEQAIAADH4gzHAAAAAQAUACaAdQAmgDMABpCzAAXXJAACDfkAAgA+TWFjaW50b3NoIEhEOlVzZXJzOgBobWc6AGVjb246AGhtZy1yZWZzOgBkYXRhYmFzZToAU2VnYWwwOC5wZGYADgAYAAsAUwBlAGcAYQBsADAAOAAuAHAAZABmAA8AGgAMAE0AYQBjAGkAbgB0AG8AcwBoACAASABEABIALFVzZXJzL2htZy9lY29uL2htZy1yZWZzL2RhdGFiYXNlL1NlZ2FsMDgucGRmABMAAS8AABUAAgAK//8AAIAG0hscHR5aJGNsYXNzbmFtZVgkY2xhc3Nlc11OU011dGFibGVEYXRhox0fIFZOU0RhdGFYTlNPYmplY3TSGxwiI1xOU0RpY3Rpb25hcnmiIiBfEA9OU0tleWVkQXJjaGl2ZXLRJidUcm9vdIABAAgAEQAaACMALQAyADcAQABGAE0AVQBgAGcAagBsAG4AcQBzAHUAdwCEAI4AtwC8AMQCVgJYAl0CaAJxAn8CgwKKApMCmAKlAqgCugK9AsIAAAAAAAACAQAAAAAAAAAoAAAAAAAAAAAAAAAAAAACxA==},
  date-added =    {2010-04-07 11:59:13 +0200},
  date-modified = {2010-04-07 12:00:49 +0200}
}

@Book{Sink2011,
  title =         {Version Control by Example},
  publisher =     {Pyrenean Gold Press},
  year =          {2011},
  author =        {Eric Sink},
  address =       {Champaign, Illinois},
  __markedentry = {[Radost:6]},
  bdsk-file-1 =   {YnBsaXN0MDDUAQIDBAUGJCVYJHZlcnNpb25YJG9iamVjdHNZJGFyY2hpdmVyVCR0b3ASAAGGoKgHCBMUFRYaIVUkbnVsbNMJCgsMDxJXTlMua2V5c1pOUy5vYmplY3RzViRjbGFzc6INDoACgAOiEBGABIAFgAdccmVsYXRpdmVQYXRoWWFsaWFzRGF0YV8QJS4uLy4uLy4uL2htZy1yZWZzL2RhdGFiYXNlL1NpbmsxMS5wZGbSFwsYGVdOUy5kYXRhTxEBjAAAAAABjAACAAAMTWFjaW50b3NoIEhEAAAAAAAAAAAAAAAAAAAAzDEvEkgrAAAAJoB1ClNpbmsxMS5wZGYAAAAAAAAAAAAAAAAAAAAAAAAAAAAAAAAAAAAAAAAAAAAAAAAAAAAAAAAAAAAAAAAAAAAAAAAmh17KlCUrAAAAAAAAAAAAAwADAAAJIAAAAAAAAAAAAAAAAAAAAAhkYXRhYmFzZQAQAAgAAMwxEvIAAAARAAgAAMqUCQsAAAABABQAJoB1ACaAMwAGkLMABdckAAIN+QACAD1NYWNpbnRvc2ggSEQ6VXNlcnM6AGhtZzoAZWNvbjoAaG1nLXJlZnM6AGRhdGFiYXNlOgBTaW5rMTEucGRmAAAOABYACgBTAGkAbgBrADEAMQAuAHAAZABmAA8AGgAMAE0AYQBjAGkAbgB0AG8AcwBoACAASABEABIAK1VzZXJzL2htZy9lY29uL2htZy1yZWZzL2RhdGFiYXNlL1NpbmsxMS5wZGYAABMAAS8AABUAAgAK//8AAIAG0hscHR5aJGNsYXNzbmFtZVgkY2xhc3Nlc11OU011dGFibGVEYXRhox0fIFZOU0RhdGFYTlNPYmplY3TSGxwiI1xOU0RpY3Rpb25hcnmiIiBfEA9OU0tleWVkQXJjaGl2ZXLRJidUcm9vdIABAAgAEQAaACMALQAyADcAQABGAE0AVQBgAGcAagBsAG4AcQBzAHUAdwCEAI4AtgC7AMMCUwJVAloCZQJuAnwCgAKHApAClQKiAqUCtwK6Ar8AAAAAAAACAQAAAAAAAAAoAAAAAAAAAAAAAAAAAAACwQ==},
  date-added =    {2011-09-12 21:06:07 +0200},
  date-modified = {2011-09-12 21:06:40 +0200}
}

@Unpublished{StachurskiSargent2013,
  author =        {John Stachurski and Thomas J. Sargent},
  title =         {Quantitative Economics},
  note =          {{Available at \url{http://quant-econ.net/index.html}}},
  year =          {2013},
  __markedentry = {[Radost:6]},
  date-added =    {2013-12-10 16:22:41 +0000},
  date-modified = {2013-12-10 16:23:30 +0000}
}

@misc{StachurskiSargent2019,
  title = {Quantitative {{Economics}}},
  howpublished = {http://quant-econ.net/index.html},
  author = {Stachurski, John and Sargent, Thomas J.},
  year = {2019}
}

@Unpublished{Verfaille2008,
  author =        {Vincent Verfaille},
  title =         {{\LaTeX} workshop for advanced users... or at least not beginners!},
  note =          {Available at \url{http://www.cirmmt.mcgill.ca/activities/workshops/training/latex/details/pdf-slides}},
  month =         {January},
  year =          {2008},
  __markedentry = {[Radost:6]},
  bdsk-file-1 =   {YnBsaXN0MDDUAQIDBAUGJCVYJHZlcnNpb25YJG9iamVjdHNZJGFyY2hpdmVyVCR0b3ASAAGGoKgHCBMUFRYaIVUkbnVsbNMJCgsMDxJXTlMua2V5c1pOUy5vYmplY3RzViRjbGFzc6INDoACgAOiEBGABIAFgAdccmVsYXRpdmVQYXRoWWFsaWFzRGF0YV8QKi4uLy4uLy4uL2htZy1yZWZzL2RhdGFiYXNlL1ZlcmZhaWxsZTA4LnBkZtIXCxgZV05TLmRhdGFPEQGeAAAAAAGeAAIAAAxNYWNpbnRvc2ggSEQAAAAAAAAAAAAAAAAAAADMMS8SSCsAAAAmgHUPVmVyZmFpbGxlMDgucGRmAAAAAAAAAAAAAAAAAAAAAAAAAAAAAAAAAAAAAAAAAAAAAAAAAAAAAAAAAAAAAAAAACaBJ8fiKOcAAAAAAAAAAAADAAMAAAkgAAAAAAAAAAAAAAAAAAAACGRhdGFiYXNlABAACAAAzDES8gAAABEACAAAx+IMxwAAAAEAFAAmgHUAJoAzAAaQswAF1yQAAg35AAIAQk1hY2ludG9zaCBIRDpVc2VyczoAaG1nOgBlY29uOgBobWctcmVmczoAZGF0YWJhc2U6AFZlcmZhaWxsZTA4LnBkZgAOACAADwBWAGUAcgBmAGEAaQBsAGwAZQAwADgALgBwAGQAZgAPABoADABNAGEAYwBpAG4AdABvAHMAaAAgAEgARAASADBVc2Vycy9obWcvZWNvbi9obWctcmVmcy9kYXRhYmFzZS9WZXJmYWlsbGUwOC5wZGYAEwABLwAAFQACAAr//wAAgAbSGxwdHlokY2xhc3NuYW1lWCRjbGFzc2VzXU5TTXV0YWJsZURhdGGjHR8gVk5TRGF0YVhOU09iamVjdNIbHCIjXE5TRGljdGlvbmFyeaIiIF8QD05TS2V5ZWRBcmNoaXZlctEmJ1Ryb290gAEACAARABoAIwAtADIANwBAAEYATQBVAGAAZwBqAGwAbgBxAHMAdQB3AIQAjgC7AMAAyAJqAmwCcQJ8AoUCkwKXAp4CpwKsArkCvALOAtEC1gAAAAAAAAIBAAAAAAAAACgAAAAAAAAAAAAAAAAAAALY},
  date-added =    {2010-04-07 11:40:40 +0200},
  date-modified = {2010-04-07 11:41:45 +0200}
}

@Book{Wilson2005,
  title =         {Data Crunching},
  publisher =     {The Pragmatic Programmers},
  year =          {2005},
  author =        {Gregory V. Wilson},
  __markedentry = {[Radost:6]},
  date-added =    {2010-04-08 15:48:36 +0200},
  date-modified = {2010-04-08 15:48:55 +0200}
}

@Article{Wilson2006,
  author =        {Gregory V. Wilson},
  title =         {Where's the Real Bottleneck in Scientific Computing?},
  journal =       {American Scientist},
  year =          {2006},
  volume =        {94},
  number =        {1},
  pages =         {5-6},
  month =         {January--February},
  __markedentry = {[Radost:6]},
  bdsk-file-1 =   {YnBsaXN0MDDUAQIDBAUGJCVYJHZlcnNpb25YJG9iamVjdHNZJGFyY2hpdmVyVCR0b3ASAAGGoKgHCBMUFRYaIVUkbnVsbNMJCgsMDxJXTlMua2V5c1pOUy5vYmplY3RzViRjbGFzc6INDoACgAOiEBGABIAFgAdccmVsYXRpdmVQYXRoWWFsaWFzRGF0YV8QJy4uLy4uLy4uL2htZy1yZWZzL2RhdGFiYXNlL1dpbHNvbjA2LnBkZtIXCxgZV05TLmRhdGFPEQGUAAAAAAGUAAIAAAxNYWNpbnRvc2ggSEQAAAAAAAAAAAAAAAAAAADMMS8SSCsAAAAmgHUMV2lsc29uMDYucGRmAAAAAAAAAAAAAAAAAAAAAAAAAAAAAAAAAAAAAAAAAAAAAAAAAAAAAAAAAAAAAAAAAAAAACaGAcd+LegAAAAAAAAAAAADAAMAAAkgAAAAAAAAAAAAAAAAAAAACGRhdGFiYXNlABAACAAAzDES8gAAABEACAAAx34f2AAAAAEAFAAmgHUAJoAzAAaQswAF1yQAAg35AAIAP01hY2ludG9zaCBIRDpVc2VyczoAaG1nOgBlY29uOgBobWctcmVmczoAZGF0YWJhc2U6AFdpbHNvbjA2LnBkZgAADgAaAAwAVwBpAGwAcwBvAG4AMAA2AC4AcABkAGYADwAaAAwATQBhAGMAaQBuAHQAbwBzAGgAIABIAEQAEgAtVXNlcnMvaG1nL2Vjb24vaG1nLXJlZnMvZGF0YWJhc2UvV2lsc29uMDYucGRmAAATAAEvAAAVAAIACv//AACABtIbHB0eWiRjbGFzc25hbWVYJGNsYXNzZXNdTlNNdXRhYmxlRGF0YaMdHyBWTlNEYXRhWE5TT2JqZWN00hscIiNcTlNEaWN0aW9uYXJ5oiIgXxAPTlNLZXllZEFyY2hpdmVy0SYnVHJvb3SAAQAIABEAGgAjAC0AMgA3AEAARgBNAFUAYABnAGoAbABuAHEAcwB1AHcAhACOALgAvQDFAl0CXwJkAm8CeAKGAooCkQKaAp8CrAKvAsECxALJAAAAAAAAAgEAAAAAAAAAKAAAAAAAAAAAAAAAAAAAAss=},
  date-added =    {2010-01-21 16:01:24 +0100},
  date-modified = {2010-01-21 16:02:52 +0100}
}

@Unpublished{WilsonAruliahBrownEtAl2012,
  author =        {Gregory V. Wilson and D. A. Aruliah and C. Titus Brown and Neil P. Chue Hong and Matt Davis and Richard T. Guy and Steven H. D. Haddock and Katy Huff and Ian Mitchell and Mark Plumbley and Ben Waugh and Ethan P. White and Paul Wilson},
  title =         {Best Practices for Scientific Computing},
  note =          {Available at \url{http://arxiv.org/abs/1210.0530}},
  month =         {November},
  year =          {2012},
  __markedentry = {[Radost:6]},
  bdsk-file-1 =   {YnBsaXN0MDDUAQIDBAUGJCVYJHZlcnNpb25YJG9iamVjdHNZJGFyY2hpdmVyVCR0b3ASAAGGoKgHCBMUFRYaIVUkbnVsbNMJCgsMDxJXTlMua2V5c1pOUy5vYmplY3RzViRjbGFzc6INDoACgAOiEBGABIAFgAdccmVsYXRpdmVQYXRoWWFsaWFzRGF0YV8QLC4uLy4uLy4uL2htZy1yZWZzL2RhdGFiYXNlL1dpbHNvbkV0QWwxMkEucGRm0hcLGBlXTlMuZGF0YU8RAaYAAAAAAaYAAgAADE1hY2ludG9zaCBIRAAAAAAAAAAAAAAAAAAAAMwxLxJIKwAAACaAdRFXaWxzb25FdEFsMTJBLnBkZgAAAAAAAAAAAAAAAAAAAAAAAAAAAAAAAAAAAAAAAAAAAAAAAAAAAAAAAAAAAAAAYVk0zYPA1AAAAAAAAAAAAAMAAwAACSAAAAAAAAAAAAAAAAAAAAAIZGF0YWJhc2UAEAAIAADMMRLyAAAAEQAIAADNg6S0AAAAAQAUACaAdQAmgDMABpCzAAXXJAACDfkAAgBETWFjaW50b3NoIEhEOlVzZXJzOgBobWc6AGVjb246AGhtZy1yZWZzOgBkYXRhYmFzZToAV2lsc29uRXRBbDEyQS5wZGYADgAkABEAVwBpAGwAcwBvAG4ARQB0AEEAbAAxADIAQQAuAHAAZABmAA8AGgAMAE0AYQBjAGkAbgB0AG8AcwBoACAASABEABIAMlVzZXJzL2htZy9lY29uL2htZy1yZWZzL2RhdGFiYXNlL1dpbHNvbkV0QWwxMkEucGRmABMAAS8AABUAAgAK//8AAIAG0hscHR5aJGNsYXNzbmFtZVgkY2xhc3Nlc11OU011dGFibGVEYXRhox0fIFZOU0RhdGFYTlNPYmplY3TSGxwiI1xOU0RpY3Rpb25hcnmiIiBfEA9OU0tleWVkQXJjaGl2ZXLRJidUcm9vdIABAAgAEQAaACMALQAyADcAQABGAE0AVQBgAGcAagBsAG4AcQBzAHUAdwCEAI4AvQDCAMoCdAJ2AnsChgKPAp0CoQKoArECtgLDAsYC2ALbAuAAAAAAAAACAQAAAAAAAAAoAAAAAAAAAAAAAAAAAAAC4g==},
  date-added =    {2013-04-04 21:45:47 +0000},
  date-modified = {2013-04-05 14:30:31 +0000}
}

@unpublished{WSJ2005,
  title = {Novel {{Way}} to {{Assess School Competition Stirs Academic Row}}},
  author = {{Wall Street Journal}},
  month = oct,
  year = {2005},
  note = {Available at http://gsppi.berkeley.edu/faculty/jrothstein/hoxby/wsj.pdf}
}

@Unpublished{WSJ2005a,
  author =        {{Wall Street Journal}},
  title =         {Novel Way to Assess School Competition Stirs Academic Row},
  note =          {{Available at http://gsppi.berkeley.edu/faculty/jrothstein/hoxby/wsj.pdf}},
  month =         {{24 October}},
  year =          {2005},
  __markedentry = {[Radost:6]},
  bdsk-file-1 =   {YnBsaXN0MDDUAQIDBAUGJCVYJHZlcnNpb25YJG9iamVjdHNZJGFyY2hpdmVyVCR0b3ASAAGGoKgHCBMUFRYaIVUkbnVsbNMJCgsMDxJXTlMua2V5c1pOUy5vYmplY3RzViRjbGFzc6INDoACgAOiEBGABIAFgAdccmVsYXRpdmVQYXRoWWFsaWFzRGF0YV8QJC4uLy4uLy4uL2htZy1yZWZzL2RhdGFiYXNlL1dTSjA1LnBkZtIXCxgZV05TLmRhdGFPEQGGAAAAAAGGAAIAAAxNYWNpbnRvc2ggSEQAAAAAAAAAAAAAAAAAAADMMS8SSCsAAAAmgHUJV1NKMDUucGRmAAAAAAAAAAAAAAAAAAAAAAAAAAAAAAAAAAAAAAAAAAAAAAAAAAAAAAAAAAAAAAAAAAAAAAAAACaAnMfhQloAAAAAAAAAAAADAAMAAAkgAAAAAAAAAAAAAAAAAAAACGRhdGFiYXNlABAACAAAzDES8gAAABEACAAAx+EmOgAAAAEAFAAmgHUAJoAzAAaQswAF1yQAAg35AAIAPE1hY2ludG9zaCBIRDpVc2VyczoAaG1nOgBlY29uOgBobWctcmVmczoAZGF0YWJhc2U6AFdTSjA1LnBkZgAOABQACQBXAFMASgAwADUALgBwAGQAZgAPABoADABNAGEAYwBpAG4AdABvAHMAaAAgAEgARAASACpVc2Vycy9obWcvZWNvbi9obWctcmVmcy9kYXRhYmFzZS9XU0owNS5wZGYAEwABLwAAFQACAAr//wAAgAbSGxwdHlokY2xhc3NuYW1lWCRjbGFzc2VzXU5TTXV0YWJsZURhdGGjHR8gVk5TRGF0YVhOU09iamVjdNIbHCIjXE5TRGljdGlvbmFyeaIiIF8QD05TS2V5ZWRBcmNoaXZlctEmJ1Ryb290gAEACAARABoAIwAtADIANwBAAEYATQBVAGAAZwBqAGwAbgBxAHMAdQB3AIQAjgC1ALoAwgJMAk4CUwJeAmcCdQJ5AoACiQKOApsCngKwArMCuAAAAAAAAAIBAAAAAAAAACgAAAAAAAAAAAAAAAAAAAK6},
  date-added =    {2009-11-27 17:34:42 +0100},
  date-modified = {2013-12-08 16:14:10 +0000}
}


