% Encoding: UTF-8

@article{AcemogluJohnsonRobinson2001,
  title = {The {{Colonial Origins}} of {{Comparative Development}}: {{An Empirical Investigation}}},
  volume = {91},
  number = {5},
  journal = {American Economic Review},
  author = {Acemoglu, Daron and Johnson, Simon and Robinson, James A.},
  month = dec,
  year = {2001},
  pages = {1369-1401}
}

@article{Albouy2012,
  title = {The {{Colonial Origins}} of {{Comparative Development}}: {{An Investigation}} of the {{Settler Mortality Data}}},
  volume = {102},
  number = {6},
  journal = {American Economic Review},
  author = {Albouy, David Y.},
  year = {2012},
  pages = {3059-3076}
}
@article{Gaudecker2015,
  title = {How {{Does Household Portfolio Diversification Vary}} with {{Financial Sophistication}} and {{Financial Advice}}?},
  volume = {70},
  number = {2},
  journal = {Journal of Finance},
  author = {von Gaudecker, Hans-Martin},
  month = apr,
  year = {2015},
  pages = {489-507}
}

@article{GaudeckerSoestWengstrom2011,
  title = {Heterogeneity in {{Risky Choice Behaviour}} in a {{Broad Population}}},
  volume = {101},
  number = {2},
  journal = {American Economic Review},
  author = {von Gaudecker, Hans-Martin and van Soest, Arthur and Wengstr{\"o}m, Erik},
  month = apr,
  year = {2011},
  pages = {664-694}
}

@article{Hoxby2000,
  title = {Does {{Competition}} among {{Public Schools Benefit Students}} and {{Taxpayers}}?},
  volume = {90},
  number = {5},
  journal = {American Economic Review},
  author = {Hoxby, Caroline M.},
  month = dec,
  year = {2000},
  pages = {1209-1238}
}

@article{Hoxby2007,
  title = {Does {{Competition}} among {{Public Schools Benefit Students}} and {{Taxpayers}}? {{Reply}}},
  volume = {97},
  number = {5},
  journal = {American Economic Review},
  author = {Hoxby, Caroline M.},
  month = dec,
  year = {2007},
  pages = {2038-2055}
}

@article{Levitt1997,
  title = {Using {{Electoral Cycles}} in {{Police Hiring}} to {{Estimate}} the {{Effect}} of {{Police}} on {{Crime}}},
  volume = {87},
  number = {3},
  journal = {American Economic Review},
  author = {Levitt, Steven D.},
  month = jun,
  year = {1997},
  pages = {270-290}
}

@article{Levitt2002,
  title = {Using {{Electoral Cycles}} in {{Police Hiring}} to {{Estimate}} the {{Effects}} of {{Police}} on {{Crime}}: {{Reply}}},
  volume = {92},
  number = {4},
  journal = {American Economic Review},
  author = {Levitt, Steven D.},
  month = sep,
  year = {2002},
  pages = {1244-1250}
}

@article{McCrary2002,
  title = {Using {{Electoral Cycles}} in {{Police Hiring}} to {{Estimate}} the {{Effect}} of {{Police}} on {{Crime}}: {{Comment}}},
  volume = {92},
  number = {4},
  journal = {American Economic Review},
  author = {McCrary, Justin},
  month = sep,
  year = {2002},
  pages = {1236-1243}
}

@article{McCullough2009,
  title = {Open {{Access Economics Journals}} and the {{Market}} for {{Reproducible Economic Research}}},
  volume = {39},
  number = {1},
  journal = {Economic Analysis \& Policy},
  author = {McCullough, B. D.},
  month = mar,
  year = {2009},
  pages = {117-126}
}

@article{McCulloughVinod2003,
  title = {Verifying the {{Solution}} from a {{Nonlinear Solver}}: {{A Case Study}}},
  volume = {93},
  number = {3},
  journal = {American Economic Review},
  author = {McCullough, B. D. and Vinod, Hrishikesh D.},
  month = jun,
  year = {2003},
  pages = {873-892}
}

@Book{Nagy2019,
  title =     {The {{Waf Book}}},
  publisher = {https://waf.io/book/},
  year =      {2019},
  author =    {Nagy, Thomas}
}

@article{Rothstein2007comment,
  title = {Does {{Competition}} among {{Public Schools Benefit Students}} and {{Taxpayers}}? {{Comment}}},
  volume = {97},
  number = {5},
  journal = {American Economic Review},
  author = {Rothstein, Jesse},
  month = dec,
  year = {2007},
  pages = {2026-2037}
}

@unpublished{Rothstein2007rejoinder,
  title = {Rejoinder to {{Hoxby}}},
  author = {Rothstein, Jesse},
  month = nov,
  year = {2007},
  note = {Available at http://gsppi.berkeley.edu/faculty/jrothstein/hoxby/rejoinder.pdf}
}

@article{Schelling1969,
  title = {Models of {{Segregation}}},
  volume = {59},
  number = {2},
  journal = {American Economic Review},
  author = {Schelling, Thomas C.},
  year = {1969},
  pages = {488-493}
}

@misc{StachurskiSargent2019,
  title = {Quantitative {{Economics}}},
  howpublished = {http://quant-econ.net/index.html},
  author = {Stachurski, John and Sargent, Thomas J.},
  year = {2019}
}

@unpublished{WSJ2005,
  title = {Novel {{Way}} to {{Assess School Competition Stirs Academic Row}}},
  author = {{Wall Street Journal}},
  month = oct,
  year = {2005},
  note = {Available at http://gsppi.berkeley.edu/faculty/jrothstein/hoxby/wsj.pdf}
}


