% Encoding: UTF-8

@article{AcemogluJohnsonRobinson2001,
  title = {The {{Colonial Origins}} of {{Comparative Development}}: {{An Empirical Investigation}}},
  volume = {91},
  number = {5},
  journal = {American Economic Review},
  author = {Acemoglu, Daron and Johnson, Simon and Robinson, James A.},
  month = dec,
  year = {2001},
  pages = {1369-1401}
}

@article{Albouy2012,
  title = {The {{Colonial Origins}} of {{Comparative Development}}: {{An Investigation}} of the {{Settler Mortality Data}}},
  volume = {102},
  number = {6},
  journal = {American Economic Review},
  author = {Albouy, David Y.},
  year = {2012},
  pages = {3059-3076}
}



